2842 4900
720 409 899 472 -2,4..

274 525 409 608 quidquid
422 525 452 587 in
465 523 660 586 mandamento
684 520 777 584 Sancti
786 519 962 604 Iohannisde
976 526 1101 602 Bornay.
1115 553 1154 593 γ-
1167 535 1248 598 trop.
1260 525 1326 596 Item,

272 630 358 688 IILVI
380 621 513 702 scriptum
525 639 573 682 an.
588 631 617 681 et
628 618 687 681 ind.
703 618 803 701 quibus
815 635 1003 699 suprapros„
1020 633 1054 678 vo
1078 614 1193 678 kalend.
1218 613 1328 694 januarii,

272 719 416 782 continens
432 715 590 797 homagium
602 715 697 796 ligium
710 715 855 795 prestitum
863 731 914 795 per
927 713 1004 776 dom.
1020 711 1195 775 Guillelmum
1209 709 1243 774 de
1252 717 1332 793 IIays·

272 815 376 878 sirriaco
388 811 501 876 militem
513 811 626 874 domino
641 812 677 874 de
687 818 775 874 Turre
787 811 874 891 Spini.
890 843 932 858 -
945 827 1030 872 raro.
1050 815 1130 885 Item,
1147 815 1244 872 XLVII
1259 807 1332 888 scrip

270 926 329 976 tum
342 923 370 974 ut
383 928 477 991 supra,
489 918 544 971 rur
555 909 618 971 idus
631 907 758 988 januarii,
773 908 919 970 continens
931 905 1089 988 homagium
1101 906 1196 988 ligium
1205 906 1330 988 prestitum

271 1028 322 1091 per
334 1006 486 1069 Iollredum
513 1004 642 1088 Iyatardi
661 1004 849 1081 domicellum,
872 1004 957 1066 filiurn
975 1004 1094 1068 condam
1118 1003 1192 1066 dom'
1214 1001 1331 1084 Guigonis

172 1095 173 1098 ¹
272 1103 402 1187 Lyatardi
417 1101 522 1190 militis,
538 1102 616 1164 dom⁰
641 1101 752 1182 Hugoni
779 1100 814 1162 de
837 1107 938 1178 Turre,
955 1101 1068 1164 domino
1086 1100 1152 1163 dicti
1167 1100 1231 1175 Ioci,
1247 1117 1331 1161 senm-

270 1200 342 1265 callo
360 1198 550 1280 Iugdunensi,
570 1212 599 1260 et
620 1198 769 1261 abeodem
790 1198 954 1279 recognovit
972 1197 1047 1261 idern
1069 1197 1125 1260 Iol.
1148 1217 1179 1259 se
1204 1211 1293 1259 tenere
1307 1196 1331 1260 in

270 1297 382 1360 feudum
399 1295 532 1378 quidquid
547 1295 631 1358 babet
646 1296 674 1357 in
692 1294 838 1377 parrochia
851 1294 887 1356 de
902 1293 1027 1356 Solomel
1041 1311 1130 1374 prope
1144 1290 1298 1353 Crimiacun
1309 1306 1333 1354 et

271 1393 429 1474 coniers(us
444 1392 511 1474 nuit
523 1411 553 1456 se
563 1393 667 1454 debere
681 1387 756 1455 dicto
765 1392 877 1454 domino
885 1391 921 1454 de
931 1398 1020 1454 Turre
1030 1389 1137 1472 seycies
1145 1386 1240 1469 viginti
1249 1385 1330 1460 libras,

270 1510 322 1572 pro
335 1489 435 1572 quibus
447 1488 500 1551 sibi
515 1488 650 1570 obligavit
663 1489 751 1552 dictas
763 1507 809 1552 res
824 1487 982 1571 recognitas
1000 1500 1020 1548 ¹.

315 1605 400 1649 1211.
429 1593 509 1662 Item,
534 1592 648 1647 XLVIII
666 1586 877 1648 instrumentum
900 1598 929 1648 et
955 1583 1079 1646 ultimum
1106 1580 1224 1663 predict.
1247 1585 1333 1640 ruunt

270 1685 402 1765 scriptum
413 1702 488 1746 anno
506 1683 561 1745 oni
576 1685 825 1758 M⁰II⁶LIIXVIII⁰,
839 1682 947 1745 indict..
962 1700 1001 1756 vr,
1025 1681 1072 1742 die
1093 1679 1204 1742 veneris
1227 1677 1333 1740 infesto

269 1779 357 1844 sancti
384 1777 494 1842 Martini
522 1779 668 1862 yhemalis,
690 1779 834 1842 continens
846 1778 1004 1859 homagium
1023 1777 1168 1858 prestitum
1182 1795 1232 1856 per
1242 1775 1333 1838 soffre-

270 1878 336 1941 dum
351 1875 386 1940 de
399 1876 517 1940 Briordo
531 1875 707 1940 domicellum
721 1875 800 1938 dom⁰
816 1875 971 1938 Humberto
987 1874 1099 1938 domino
1110 1873 1146 1936 de
1162 1879 1249 1934 Turre
1261 1885 1286 1932 ct
1298 1890 1332 1932 re

270 1972 402 2054 cognovit
413 1972 449 2035 ab
466 1973 565 2054 eodem
584 1986 681 2036 tenere
702 1972 731 2034 in
751 1972 863 2035 seudum
884 1985 991 2054 partem
1012 1991 1090 2034 suam
1112 1990 1196 2052 quarn
1214 1968 1291 2031 habet
1309 1968 1332 2028 in

269 2083 362 2134 castro
376 2069 469 2132 Sancti
481 2070 591 2133 hndree
604 2070 640 2132 de
655 2068 773 2132 Briordo
792 2084 821 2132 et
834 2069 947 2130 domurn
963 2089 1042 2130 suam
1058 2067 1151 2130 Sancti
1181 2065 1284 2147 Legerii
1310 2078 1333 2126 et

269 2167 402 2251 quidquid
419 2167 504 2230 habet
522 2167 596 2248 apud
619 2173 750 2230 Sanctum
779 2166 925 2247 Lagerium
954 2179 983 2229 et
1006 2165 1141 2248 quidquid
1170 2164 1253 2228 habet
1270 2161 1332 2243 apud

270 2263 455 2347 Montaygnel
460 2277 488 2327 et
497 2283 593 2326 omnes
604 2263 794 2345 possessiones
807 2283 877 2345 quas
885 2276 963 2326 tenet
975 2263 1003 2324 in
1017 2263 1090 2324 valle
1104 2261 1139 2324 de
1153 2261 1254 2336 Briorr,
1275 2259 1331 2322 item

269 2360 402 2443 quidquid
416 2373 494 2423 tenet
509 2360 537 2422 in
557 2361 715 2440 juriditione
729 2374 757 2423 et
774 2360 834 2423 aliis
857 2360 886 2422 in
907 2359 1102 2422 mandamento
1120 2357 1213 2420 Sancti
1237 2356 1331 2418 Andree

270 2457 305 2520 de
318 2457 411 2522 Briort
424 2469 452 2518 et
465 2456 598 2538 quidquid
614 2456 727 2520 habeta
740 2476 829 2538 ruppe
844 2456 996 2539 Inymontis
1006 2457 1075 2520 citra
1088 2475 1187 2518 versus
1201 2454 1330 2516 Rodanum

269 2568 352 2638 prout
361 2554 457 2635 inipso
471 2553 568 2617 ultimo
582 2553 672 2618 ἱιιιῑιιο
686 2554 794 2637 plenius
806 2553 971 2618 continetur.

313 2765 397 2810 1212.
414 2754 493 2824 Item,
512 2747 598 2828 quod.
613 2748 649 2810 al.
673 2748 885 2812 instrumentum
905 2748 983 2828 publ.
1000 2748 1133 2829 scriptum
1149 2765 1231 2809 manu
1244 2743 1332 2806 Iohan-

268 2846 311 2910 nis
320 2844 356 2907 de
368 2843 531 2926 Argentaria
547 2844 664 2908 senioris
677 2845 778 2908 notarii
788 2846 866 2927 publ.
878 2847 930 2908 sub
939 2866 1013 2908 anno
1025 2846 1079 2908 Irni
1090 2849 1329 2916 II⁰CCC⁰IIIIIIII⁰,

265 2941 352 3006 indic.
367 2954 429 3019 xvr,
441 2941 486 3004 dle
497 2955 559 3004 ιιια
570 2941 672 3006 mensis
684 2942 826 3021 febroarii,
841 2943 1217 3025 continensinquisicionem,
1229 2954 1331 3004 senter-

267 3039 337 3108 ciam
351 3049 383 3103 et
398 3038 683 3120 condempnacionem
701 3039 788 3102 lactas
811 3055 909 3104 contra
933 3041 1087 3104 Iohannem
1113 3038 1277 3125 Raymoodi,
1290 3054 1331 3118 per

267 3135 343 3198 dom.
359 3135 552 3218 Raymondum
564 3141 659 3210 Estoc,
673 3136 863 3201 comissarium
875 3138 904 3202 in
914 3138 1146 3221 Graysivoudano
1159 3152 1188 3201 et
1197 3133 1330 3200 Viennesio

227 3227 231 3238 ’
266 3245 364 3296 contra
374 3251 564 3314 quoscumque
578 3231 709 3296 officiales
719 3234 855 3297 dicturum
869 3235 1073 3318 baylliviarum.

311 3343 396 3408 1213.
413 3336 492 3406 Item,
512 3329 723 3394 instrumentum
735 3331 839 3394 facturn
863 3352 947 3394 manu
960 3332 1093 3396 Iohannis
1108 3333 1144 3396 de
1168 3339 1260 3408 Petra,
1287 3326 1329 3390 sub

267 3446 340 3490 anno
357 3427 412 3489 Diri
429 3433 688 3505 II⁰ccc⁰IIII11110,
709 3429 859 3491 continens
874 3429 1013 3512 homagia,
1025 3413 1230 3513 recognitiones
1237 3442 1264 3492 ct
1272 3444 1331 3490 eon-

265 3523 501 3590 vencioneslacte
515 3525 594 3586 dom⁰
608 3525 729 3606 Guigorri
743 3526 874 3607 dalphino
890 3547 941 3608 per
952 3526 1095 3590 dominum
1110 3527 1280 3591 Vassalliaci.

311 3639 395 3700 1214.
422 3627 503 3698 Item,
526 3621 583 3684 duo
611 3622 690 3703 publ.
716 3623 993 3686 instrumenta'simul
1015 3624 1116 3705 plicata
1142 3625 1267 3687 confecta
1289 3638 1330 3702 per

266 3719 419 3782 Iohannem
433 3718 469 3781 de
484 3725 579 3797 Petra,
604 3720 656 3783 sub
679 3739 752 3782 anno
769 3721 824 3782 Dr'ri
842 3725 1083 3798 MrccctxxIIr,
1099 3721 1269 3784 continencia
1284 3719 1329 3780 ho·

266 3815 356 3897 magia
365 3829 394 3878 et
409 3815 619 3897 recogniciones
632 3816 706 3880 dom¹
725 3817 851 3899 Ilugonis
860 3818 896 3880 de
907 3817 1051 3894 Gebenna‚
1068 3819 1104 3881 de
1117 3832 1192 3882 terra
1207 3813 1328 3880 hntlronis

267 3912 341 3976 etde
354 3915 459 3995 varey.
831 3919 834 3922 '

305 4130 327 4170 ι.
342 4111 381 4169 En
395 4131 428 4170 m.
444 4112 544 4171 Sciatur
557 4115 599 4188 qui
614 4125 681 4173 tenet
694 4123 719 4173 et
733 4115 754 4172 si
763 4113 916 4190 recognovit.
