2844 4900
487 411 498 442 ‘
730 417 909 477 -128-

278 549 381 609 munda
402 549 552 628 sororejus
574 547 760 611 vendiderunt
775 549 892 611 iohanni
908 549 990 630 Sapei
1005 549 1149 624 Escoferii,
1171 550 1225 612 civi
1245 550 1344 612 Gratiu-

278 645 398 726 nopolis,
420 646 510 728 pretio
524 664 575 707 vur
591 645 723 707 librarum
736 645 837 727 quasd.
861 646 949 726 petias
975 646 1046 726 prati
1078 659 1106 709 et
1131 647 1213 709 vinee
1235 648 1297 709 sitas
1320 647 1344 709 in

278 743 474 806 mandamento
487 743 663 820 Bucurionis,
680 743 825 825 dequibus
842 742 954 806 retinuit
980 743 1047 807 dict.
1072 758 1227 826 emptorem
1247 745 1346 828 Sybou·

278 837 329 902 dus
339 839 375 902 de
384 846 483 902 Castro
498 847 580 903 Novo
591 840 635 904 cui
647 840 781 903 successit
793 840 869 902 dom.
879 840 1145 923 dalphinuspostea.

317 938 387 1017 726.
409 945 489 1014 Item,
518 937 604 1020 quod.
634 938 844 1000 instrumentum
864 939 996 1019 scriptum
1015 958 1097 1000 manu
1123 938 1198 1002 Petri
1224 944 1344 1005 Amsermi

276 1035 387 1112 notarii,
412 1035 464 1099 sub
490 1056 563 1098 anno
586 1035 640 1098 Dr'ti
669 1041 910 1112 mecanicum,
939 1035 1025 1099 indic.
1042 1049 1074 1113 ι’,
1090 1046 1133 1098 111⁰
1153 1036 1226 1120 ydus
1251 1034 1343 1117 aprilis,

276 1134 421 1197 continens
443 1133 636 1197 vendicionem
658 1133 759 1195 iactam
779 1152 829 1214 per
848 1140 1004 1215 Jaymetum
1033 1133 1118 1196 filium
1145 1134 1262 1196 condam
1279 1132 1344 1194 Petri

279 1235 387 1292 Ravere
415 1244 444 1294 et
462 1230 636 1292 Guilleimam
656 1229 715 1309 eius
730 1249 856 1303 uxorem,
882 1229 917 1292 de
942 1250 976 1292 eo
990 1231 1050 1310 jure
1073 1232 1148 1313 quod
1165 1231 1299 1294 habebant
1321 1229 1344 1290 in

277 1328 406 1411 teymina
418 1328 547 1391 frumenti
557 1347 657 1390 census
671 1347 753 1414 quam
764 1327 868 1390 eisdem
883 1317 1024 1391 debebant
1032 1330 1166 1392 Martinus
1179 1330 1343 1402 Charcossat,

276 1425 409 1508 Syboudo
425 1425 462 1487 de
477 1431 649 1488 castronovo
662 1424 689 1486 in
706 1424 784 1503 cujus
794 1423 885 1487 locum
902 1426 1036 1489 successit
1047 1427 1123 1489 dom.
1138 1426 1290 1507 dalphinus.

314 1542 384 1603 727.
397 1530 477 1600 item,
502 1524 588 1606 quod.
612 1523 690 1605 publ.
707 1523 918 1586 instrumentum
931 1524 974 1611 (ut
990 1526 1074 1607 704),
1093 1525 1238 1588 continens
1256 1523 1345 1584 homa·

275 1620 349 1702 gium
373 1621 467 1703 ligium
490 1622 634 1703 prestitum
659 1621 737 1682 dom⁰
760 1619 890 1701 dalphino
911 1640 962 1703 per
986 1622 1105 1685 Giietum
1135 1624 1170 1685 de
1193 1618 1341 1692 Vercorcio,

274 1718 463 1781 mandamenti
480 1718 613 1794 Parisios,
632 1731 660 1780 et
674 1717 860 1780 terminum...

313 1818 383 1896 728.
409 1824 489 1894 Item,
516 1816 602 1898 quod.
618 1815 696 1897 pubi.
713 1815 925 1877 instrumentum
935 1814 978 1896 (ut
993 1817 1078 1898 704),
1094 1818 1239 1881 continens
1255 1817 1344 1877 homa-

274 1916 349 1998 gium
364 1916 459 1996 ligium
469 1914 702 1996 prestitum‘dom0
716 1913 847 1994 delphino
865 1919 1099 1994 perdmenonum
1115 1915 1152 1978 de
1170 1914 1309 1978 Trezeinio
1320 1922 1343 1973 et

273 2014 458 2076 terminum...

313 2109 586 2192 729.1tem‚quod.
608 2107 686 2190 publ.
711 2106 922 2170 instrumentum
951 2107 1084 2189 scriptum
1115 2128 1198 2171 manu
1223 2108 1342 2170 iohannis

275 2208 415 2289 Magnallii
434 2206 534 2270 notarii
548 2205 641 2286 pubi,
665 2205 718 2267 sub
741 2205 889 2267 annotini
917 2211 1175 2283 MCCC⁰LXXV11⁰,
1202 2207 1293 2268 indict.
1307 2223 1340 2279 vr,

272 2320 304 2370 n⁰
318 2306 431 2368 kalend.
445 2305 565 2387 augusti,
582 2304 727 2367 continens
750 2303 909 2384 homagium
932 2297 960 2366 et
979 2304 1202 2385 recognicioncm
1221 2302 1343 2386 Guigonis

275 2405 398 2467 Morardi
414 2404 449 2467 de
463 2403 551 2466 Arciis
562 2403 665 2464 iactum
677 2415 704 2464 et
713 2402 813 2464 iactam
822 2401 896 2464 dicto
905 2408 990 2463 Petro
997 2402 1119 2478 Aurucii,
1133 2403 1243 2465 domino
1252 2401 1342 2463 Montis
1407 2409 1408 2422 ¹

274 2502 402 2566 Bonoudi
415 2515 493 2577 tunc,
511 2514 540 2562 et
552 2501 646 2582 plures
662 2499 841 2562 condiciones
858 2513 886 2562 ct
902 2500 1046 2579 pactiones
1058 2500 1162 2579 juratas
1177 2501 1247 2564 inter
1257 2499 1326 2581 ipsos
1332 2517 1339 2573 ;

275 2611 303 2660 et
316 2612 359 2660 est
373 2598 460 2659 simile
473 2597 683 2660 instrumentum
701 2597 736 2659 de
752 2597 839 2659 verbo
852 2597 1014 2659 adverbum
1028 2599 1214 2679 registratum.

313 2712 382 2772 730.
400 2701 479 2771 Item,
493 2694 578 2776 quod.
597 2695 808 2757 instrumentum
836 2695 879 2776 (ut
905 2696 989 2776 704),
1016 2697 1162 2760 continens
1193 2693 1340 2776 homagium

276 2790 416 2854 Francisci
430 2791 466 2852 de
479 2791 602 2853 Avalone
622 2791 724 2880 iactum
742 2791 860 2854 domino
869 2805 897 2854 et
912 2793 1098 2855 terminum...

310 2895 476 2969 73r.1tem,
495 2888 580 2970 quod.
608 2889 819 2953 instrumentum
843 2886 1100 2954 confectum'manu
1123 2893 1229 2955 Thome
1250 2889 1338 2963 Gueili,

274 2985 326 3049 sub
350 3004 423 3047 anno
449 2985 503 3048 Diri
520 2991 777 3065 M⁰CC⁰LXxx111‚
795 2987 880 3050 indic.
897 3008 937 3064 xv,
955 2988 1000 3051 die
1014 2989 1154 3052 dominico
1175 3004 1238 3071 post
1252 2989 1339 3051 festum

274 3082 301 3145 b¹
319 3083 441 3159 Martini,
452 3084 596 3147 continens
610 3083 684 3165 quod
700 3092 842 3166 Ugonetus
860 3085 959 3148 Boneti
975 3086 1119 3148 consessus
1141 3087 1193 3149 fuit
1204 3107 1233 3149 se
1256 3101 1340 3148 tenere
1405 3139 1406 3154 ,

274 3200 290 3242 a
308 3181 441 3264 Syboudo
453 3181 488 3243 de
507 3183 604 3244 Castro
615 3187 697 3243 Novo
714 3202 796 3243 unam
807 3182 921 3244 domum
935 3183 1014 3245 sitam
1028 3184 1109 3265 apud*
1119 3182 1338 3265 Grationopolim,

273 3277 439 3340 confinatam
453 3277 482 3340 in
494 3278 605 3352 eodem,
620 3277 672 3340 sub
695 3291 734 3338 uu
749 3278 844 3340 solidis
858 3298 974 3356 census;
989 3281 1135 3343 continens
1159 3282 1245 3344 eciam
1270 3296 1340 3360 quas

273 3373 336 3436 dam
347 3376 415 3438 alias
427 3374 606 3438 condiciones
620 3373 773 3454 descriptas
784 3375 811 3435 in
827 3375 917 3438 instr¹⁰
930 3376 991 3456 ipso
1010 3389 1029 3437 ¹.

312 3491 381 3553 732·
403 3481 483 3549 item,
501 3472 587 3554 quod.
603 3471 814 3535 instrumentum
830 3473 985 3535 coniectum
1000 3492 1082 3535 manu
1096 3475 1228 3538 iohannis
1240 3471 1336 3544 notarii,

272 3570 325 3632 sub
352 3590 426 3633 anno
446 3571 499 3633 Diti
516 3575 606 3631 Moec
617 3576 700 3644 LXV,
721 3569 806 3632 indic.
837 3588 898 3646 vm,
915 3571 1083 3635 dieveneris
1102 3574 1246 3655 invigiliis
1268 3571 1337 3634 beate

273 3669 360 3730 Maris
374 3669 495 3749 augusti,
511 3666 656 3730 continens
673 3666 868 3729 vendicionem
890 3668 990 3731 iactam
1010 3689 1060 3750 per
1075 3669 1226 3733 Giraudum
1239 3678 1337 3753 tamen·

271 3764 333 3827 celli
344 3765 422 3827 dom⁰
437 3771 522 3826 Petro
538 3764 659 3838 Aurucii,
671 3764 707 3826 de
719 3783 726 3825 r
739 3765 821 3826 vinea
836 3765 888 3826 sita
900 3766 929 3826 in
938 3767 1078 3829 territorio
1098 3768 1200 3830 Montis
1213 3761 1334 3835 Bonoudi,

270 3862 299 3923 in
314 3882 410 3925 manso
424 3868 564 3939 Brunenc,
581 3861 669 3942 pretio
683 3881 701 3922 x
717 3860 848 3938 libsarum
863 3863 998 3925 viennen.

311 4033 332 4071 ι.
352 4016 391 4070 En
410 4034 442 4072 m.
464 4016 609 4096 Habeantur
628 4016 735 4074 confines
749 4028 774 4074 et
794 4018 888 4075 sciatur
908 4020 950 4096 qui
968 4031 1035 4078 tenet
1054 4023 1116 4078 dict.
1129 4024 1230 4079 domum
1244 4032 1268 4079 et
1282 4034 1335 4100 com·

270 4085 382 4214 ξξὲίέῑῑιιᾶἱ
403 4096 591 4142 tenementarrus
617 4089 648 4144 ad
675 4091 900 4162 recognoscendum
925 4091 1025 4148 domiuo
1063 4093 1104 4166 qui
1132 4093 1247 4150 successit
1279 4092 1335 4146 dicto
