2894 4906
98 561 132 624 mi
158 560 196 624 de
212 560 318 638 Petris,
345 561 400 630 sub
423 580 497 628 anuo
526 562 581 626 oni
609 567 810 639 M011⁶XC⁰110,
838 562 984 626 confluens
1011 562 1168 644 homagium

97 657 187 739 ligium
202 657 349 740 prestitum
362 677 413 740 per
426 657 595 722 Richardum
613 659 650 722 de
667 659 763 742 Chilye
789 659 869 723 dome
890 659 1037 741 B(eatrici)
1057 658 1169 724 domine

100 754 267 836 iusigniaci.

451 841 603 898 contris
624 840 813 898 GEBENNE.

119 946 223 1024 ,1678.
240 953 320 1024 Item,
332 947 419 1028 quod.
430 948 468 1012 al.
482 948 696 1012 instrumentum
713 948 845 1030 scripturo
870 967 954 1018 manu
972 949 1047 1012 Petri
1060 949 1171 1016 Pellcrii

98 1042 129 1105 de
142 1042 273 1126 quiriaco
286 1043 385 1106 notarii
399 1044 476 1124 publ.
493 1044 545 1108 sub
569 1064 643 1109 anno
660 1045 714 1108 Diui
729 1052 949 1124 M0CCC0XV10,
969 1046 1067 1111 indict.
1082 1062 1168 1125 suurn,

99 1141 138 1202 die
151 1153 212 1202 xvr³
230 1140 334 1203 mensis
342 1140 420 1220 jurii,
434 1142 581 1206 continens
594 1142 669 1224 quod
683 1143 824 1208 constituti
838 1145 1021 1225 personaliter
1034 1145 1084 1207 ill‘¹
1096 1146 1171 1227 prin·

100 1237 170 1318 cipes
184 1237 261 1300 dom.
279 1238 419 1302 lohannes
433 1239 579 1320 dalphinus
593 1240 799 1304 Viennensiseu
813 1261 868 1305 una
877 1255 956 1322 parte
966 1256 995 1308 et
1004 1243 1079 1306 dom.
1093 1243 1171 1306 Guil-

99 1333 191 1396 lelmus
204 1353 301 1398 comes
310 1335 501 1400 Gebennensis
529 1357 564 1400 ex
576 1337 674 1415 altera,
701 1338 792 1400 dictum
807 1338 884 1402 dom.
901 1339 1061 1402 Guillclmus
1075 1351 1171 1404 euntes

101 1431 259 1494 Gebennen.
288 1432 349 1494 sine
374 1433 465 1515 aliqua
491 1434 633 1512 violentia,
660 1435 843 1498 considerans
871 1449 950 1516 grata
971 1436 1089 1500 servicia
1118 1437 1170 1503 sibi

101 1543 126 1590 et
134 1529 379 1610 predecessoribus
393 1531 450 1596 suis
465 1531 589 1613 impensa
605 1553 622 1594 a
638 1532 766 1613 predicto
785 1532 898 1596 domino
918 1544 947 1596 et
963 1531 1020 1596 sois
1036 1533 1170 1616 progeni-

101 1626 211 1702 toribus,
239 1626 318 1690 dedit
344 1627 494 1692 donatione
514 1630 689 1694 irrevocabili
714 1630 787 1694 inter
823 1631 903 1693 vivos
928 1649 980 1711 pro
1005 1649 1036 1692 se
1061 1642 1089 1693 et
1113 1628 1170 1692 suis

101 1723 219 1803 predicto
236 1724 314 1786 dom.
331 1723 461 1806 dalphino
478 1726 622 1808 recipienti
638 1747 729 1808 prose
741 1742 770 1793 et
783 1727 851 1802 suis,
862 1740 993 1809 tanquam
1003 1725 1170 1790 benemeri-
1290 1799 1294 1808 .

101 1832 136 1896 to,
149 1834 250 1898 castra,
267 1821 472 1900 mandamento,
490 1825 639 1900 territoria,
654 1825 751 1902 feuda,
768 1825 937 1900 recolenda,
951 1823 1051 1886 allodia
1065 1842 1120 1904 que
1141 1835 1170 1887 et

102 1931 176 1996 prout
186 1917 301 1982 inferius
311 1919 480 1996 continetur,
488 1934 516 1984 et
527 1921 683 2002 specialiter
693 1936 721 1984 et
736 1939 866 2002 expresse
879 1921 1040 1983 comitatum
1053 1917 1170 1982 Geben-

23 2067 24 2070 ,
103 2033 221 2092 nensem,
237 2035 301 2080 curn
318 2017 446 2080 omnibus
459 2017 565 2098 juribus
578 2031 605 2080 et
619 2016 797 2098 pertinenciis
810 2017 1031 2098 competentibus
1056 2018 1169 2082 racione

103 2114 241 2178 comitatus
252 2115 381 2197 predicti,
400 2116 523 2196 exceptis
536 2116 654 2196 hiisque
668 2136 719 2197 per
728 2117 819 2197 ipsum
831 2116 868 2179 ab
881 2116 935 2179 alio
949 2116 1061 2179 domino
1075 2129 1170 2180 tenen·

22 2265 28 2301 ζ
103 2222 153 2286 tur,
173 2224 201 2274 et
214 2211 250 2274 de
262 2212 338 2274 dicto
352 2212 483 2276 comitatu
495 2231 526 2274 se
544 2211 693 2276 devestivit
703 2225 732 2275 et
743 2212 848 2274 dictum
861 2212 938 2274 dom.
955 2211 1113 2293 dalphinum
1128 2213 1171 2276 in-

104 2309 224 2389 vestivit;
237 2311 338 2392 quibus
351 2311 472 2392 peractis
481 2325 510 2376 et
518 2311 674 2392 completis,
687 2311 828 2394 predictus
843 2312 918 2374 dom.
944 2311 1090 2393 delphinus
1103 2331 1170 2393 pre-

26 2445 28 2448 *
105 2405 254 2470 dictodom.
273 2408 367 2471 comiti
380 2409 545 2473 Gebennen.
570 2410 692 2491 presenti
709 2425 738 2474 et
764 2410 907 2492 recipienti
932 2410 1057 2491 predicta
1077 2411 1169 2474 omnia

106 2501 211 2567 donavit
224 2505 253 2568 in
266 2503 380 2571 seudum
392 2506 515 2588 antiqum
528 2507 674 2589 ipsumque
685 2527 736 2589 per
751 2507 931 2570 tradicionem
944 2507 1035 2572 baculi
1052 2507 1087 2572 de
1103 2527 1170 2590 pre-

23 2655 28 2692 :
105 2599 165 2664 dict.
180 2601 315 2668 universis
330 2617 359 2666 et
368 2603 482 2686 singulis
495 2605 646 2682 investivit,
668 2619 696 2668 et
722 2605 774 2668 sibi
788 2605 903 2668 donavit
925 2605 1012 2670 eciam
1040 2625 1092 2688 pro
1114 2607 1171 2669 suis

22 2752 29 2792 ,3
106 2699 227 2763 oneribus
242 2702 419 2782 suportandis
438 2705 511 2765 xvffl
526 2703 620 2766 librar.
636 2721 785 2785 parvorum
800 2710 957 2779 Toronen,
973 2703 1043 2786 quas
1057 2706 1171 2768 confes-

25 2843 35 2888 ;:
107 2812 147 2858 sus
158 2797 206 2860 fuit
219 2799 310 2862 dictus
333 2799 410 2862 dom.
427 2801 643 2864 comesGeben.
663 2820 694 2862 se
717 2801 846 2864 habuisse
860 2814 888 2864 et
904 2802 1042 2883 recepisse
1057 2823 1074 2866 a
1094 2803 1169 2866 dicto

107 2891 174 2958 dom.
185 2895 316 2977 dalphino
330 2897 359 2960 in
370 2898 505 2979 peccunia
514 2899 590 2962 dicto
599 2899 629 2962 d.
637 2899 733 2962 comiti
743 2901 854 2964 realiter
864 2913 1025 2964 numerata:
1043 2902 1169 2964 hocacto

25 3045 33 3056 ,
107 3009 227 3072 expresse
240 2995 314 3058 inter
327 2996 446 3076 predict.
464 2996 538 3060 diros
551 2997 680 3060 comitem
690 2998 798 3061 Geben.
811 3011 839 3061 et
846 2999 1004 3079 dalphinum
1020 2997 1094 3078 quod
1102 2993 1171 3078 ⁴qui-

108 3105 214 3172 cumque
227 3091 310 3156 luerit
326 3111 471 3156 successor
486 3108 515 3156 et
538 3095 619 3156 heres
641 3093 706 3156 dicti
729 3094 838 3158 cornicis
852 3094 1030 3170 Gebennen.,
1046 3093 1091 3155 ille
1104 3113 1173 3156 suc·

109 3203 192 3250 cessor
205 3204 233 3253 et
249 3191 331 3254 heres
345 3190 508 3254 universalis
522 3191 679 3274 te(ne)atur
705 3192 821 3254 eandem
843 3190 1065 3272 recognicionem
1079 3190 1171 3254 iacere

22 3273 37 3372 J,
110 3282 175 3350 dictu
194 3289 272 3352 dom.
288 3289 418 3371 dalphino
431 3291 477 3352 vel
499 3309 551 3352 suo
574 3291 729 3354 successori
752 3289 890 3353 etheredi
917 3289 1064 3352 universali
1087 3310 1170 3371 quam

31 3431 41 3477 ;
108 3382 166 3448 lacit
176 3386 204 3448 in
216 3385 272 3450 hoc
283 3405 357 3467 pres.
372 3387 462 3449 instrto
471 3387 561 3450 dictus
575 3388 650 3449 dom.
670 3405 764 3450 comes
785 3405 869 3467 supra
884 3386 929 3448 vel
951 3386 1033 3463 inira,
1048 3406 1100 3468 pro
1113 3387 1173 3467 qui-

109 3480 291 3548 busdictusd.
304 3484 652 3548 comesconiessusluitah
669 3485 782 3566 antiquo
792 3503 822 3546 se
843 3503 904 3548 esse
917 3484 1056 3546 hominem
1078 3484 1170 3565 ligium

22 3615 35 3650 ;
110 3576 168 3642 dicti
181 3581 209 3642 d.
223 3581 345 3662 dalphini
359 3595 387 3644 et
400 3600 474 3644 nunc
498 3583 534 3645 de
546 3601 622 3644 novo
636 3581 687 3645 sibi
701 3582 766 3646 lecit
780 3581 948 3664 homagium,
963 3581 1172 3644 interveniendo

22 3653 45 3768 s
110 3678 197 3741 osculo
208 3678 285 3760 pacis
295 3692 324 3741 et
342 3677 481 3743 fidelitatis
494 3679 659 3758 juramento,
671 3679 749 3741 salvo
760 3693 854 3742 tamen
871 3678 945 3760 quod
966 3678 990 3741 si
1004 3677 1076 3740 idem
1093 3679 1174 3754 dom,

22 3767 45 3866 ’.μ
110 3793 195 3840 comcs
208 3776 317 3840 Geben.
334 3776 480 3838 tenebatur
490 3777 525 3838 ad
540 3776 698 3858 homagium
711 3777 804 3858 ligium
823 3775 900 3838 dom⁰
914 3773 1046 3856 episcopo
1059 3773 1174 3836 Geben-

23 3907 45 3975 p

110 3874 179 3936 remi
203 3875 279 3956 prius
303 3893 385 3954 quarn
398 3873 480 3935 'dom0
503 3874 634 3955 dalphino
646 3873 799 3954 proaliquo
813 3873 907 3949 leudo,
922 3872 944 3934 si
962 3871 1036 3953 quod
1050 3883 1126 3934 tenet
1137 3871 1175 3933 ab

22 4022 46 4074 Ἅι
112 3970 201 4034 eodem
212 3973 241 4036 d.
254 3971 398 4054 dalphino‚
413 3971 501 4052 possit
513 3970 602 4034 eidem
617 3970 646 4032 d.
660 3971 794 4052 episcopo
802 3971 837 4032 de
850 3971 911 4051 ipso
922 3970 1006 4032 feudo
1020 3957 1172 4046 deservire,
1238 3987 1242 3994 ·

34 4226 39 4240 Ν,

22 4220 46 4274 r.-

114 4063 180 4129 dicto
192 4069 219 4132 d.
236 4071 337 4133 comite
353 4087 463 4150 semper
474 4081 635 4131 remanente
652 4067 681 4130 in
696 4068 824 4150 homagio
848 4068 913 4148 ligio
928 4068 993 4130 dicti
1008 4068 1036 4129 d.
1053 4067 1173 4149 dalphini

116 4173 142 4222 et
151 4162 274 4228 heredum
281 4167 388 4248 ipsius,
406 4165 532 4246 promisit
541 4165 624 4228 ctiam
634 4165 709 4230 idem
722 4165 751 4226 d.
768 4181 862 4228 comes
875 4165 1029 4243 juramento
1043 4183 1074 4228 se
1084 4163 1175 4226 lamo-
