2936 4898
709 415 866 489 ..36-

294 545 358 625 165.
377 551 455 619 ltem,
473 540 585 623 quamd.
603 541 720 604 litteram
733 543 862 622 scriptam
875 543 927 604 sub
939 561 1013 603 anno
1027 542 1080 603 uni
1098 546 1321 616 M⁰110XC0V111,

250 661 278 703 rr
293 643 405 704 kalend.
422 640 581 716 decenbris,
598 640 663 702 luna
674 659 744 717 xtra,
760 640 870 703 duobus
885 639 980 721 sigillis
1003 639 1194 722 aucten(ti)cis
1207 638 1324 719 sigillata

251 741 278 802 in
291 740 436 822 pendenti,
453 739 640 802 continentem
655 738 730 819 quod
748 738 826 799 dom²
838 737 979 820 Aynarda
995 737 1113 800 condam
1137 756 1208 799 uxor
1230 736 1325 798 Aude-

250 837 329 899 marii
347 837 382 898 de
398 844 536 918 Breysseu
555 849 584 896 et
604 847 691 896 mater
707 834 865 896 audemarii
889 835 978 915 pueri,
1000 834 1115 897 consilio
1135 849 1164 896 et
1183 832 1325 894 voluntate

251 936 323 996 dom*
339 934 461 1016 nynardi
482 932 645 996 Viennensis
665 932 865 1013 archiepiscopi
889 948 917 995 et
938 933 1043 995 Odonis
1057 934 1093 995 de
1116 939 1248 993 ‘sumone
1275 930 1325 991 vin'

251 1032 293 1093 sui
307 1044 334 1093 et
348 1030 461 1093 militum
476 1044 504 1092 et
518 1031 669 1111 proborum
686 1030 808 1092 virorum
822 1031 898 1092 curie
912 1030 947 1092 de
963 1038 1098 1114 Breyseu,
1116 1029 1248 1092 convenit
1261 1047 1324 1091 cum

251 1128 364 1191 alberto
390 1128 425 1190 de
458 1134 546 1190 Turre
568 1142 598 1191 ut
619 1127 701 1190 liliam
728 1147 805 1189 suam
829 1127 909 1189 daret
930 1128 959 1189 in
985 1147 1099 1190 uxorem
1116 1127 1274 1189 hudemaro
1290 1125 1326 1186 de

253 1225 368 1288 Euserio
386 1225 427 1308 (l)
440 1224 497 1287 filio
511 1245 562 1288 suo
578 1239 607 1288 et
619 1226 672 1288 fuit·
685 1225 736 1288 dos
757 1225 842 1305 ipsius
856 1227 903 1286 Vm
918 1224 1080 1287 solidorum.

297 1323 361 1384 166.
379 1329 458 1397 ltem,
475 1323 559 1404 qued.
578 1323 669 1386 littera
686 1335 813 1384 emanata
835 1342 851 1384 a
871 1321 962 1401 judice
983 1322 1121 1385 Viennesii
1143 1320 1249 1382 habens
1274 1321 1327 1382 tria

252 1420 383 1500 capitula,
410 1438 527 1500 quorum
556 1420 674 1500 primum
700 1431 729 1480 et
750 1418 903 1482 secundum
929 1419 1071 1482 continent
1097 1419 1219 1481 valorem
1244 1418 1328 1480 castri

254 1515 398 1576 Bellivisus
411 1515 446 1576 de
463 1522 559 1577 Marco
579 1528 607 1577 et
620 1516 648 1576 in
668 1515 756 1578 tercio
771 1516 929 1577 continetur
946 1517 1021 1598 quod
1043 1515 1207 1598 Hugoninus
1233 1514 1326 1591 Clare,

255 1621 337 1694 Hugo
363 1614 534 1688 Reforsonis‚
570 1621 652 1694 Hugo
675 1612 772 1688 Girini,
802 1612 886 1674 Falco
915 1627 942 1674 et
972 1613 1120 1696 Syboudus
1150 1612 1185 1674 de
1214 1612 1325 1687 Brocia,

255 1712 390 1775 Henricus
406 1712 507 1793 Luppi,
526 1711 683 1790 Oberjonus
701 1708 737 1772 de
756 1708 865 1786 Malliis,
881 1710 1052 1772 lohannetus
1069 1709 1176 1772 Palsert
1189 1723 1218 1771 et
1232 1715 1329 1790 Hugo

252 1823 333 1872 netus
355 1807 509 1871 Maineroni
530 1807 650 1870 confessi
672 1807 784 1869 fuerunt
808 1825 869 1868 esse
888 1806 1013 1868 homines
1034 1806 1090 1887 ligii
1112 1805 1215 1868 domini
1241 1805 1328 1866 nostri

254 1905 387 1986 dalphini.

297 2004 361 2082 167.
380 2009 459 2078 ltem,
476 2001 561 2082 quod.
578 2001 790 2064 instrumentum
808 2001 910 2063 factum
926 2020 1008 2062 manu
1023 2001 1065 2081 (ut
1084 2001 1163 2082 157),
1181 1999 1328 2062 continens

253 2090 411 2180 homagium
426 2099 522 2180 ligium
539 2098 726 2161 Bartholomei
744 2098 779 2160 de
795 2098 878 2159 Prina
890 2097 926 2158 de
943 2097 1058 2159 Cabiolo
1070 2109 1099 2159 et
1112 2097 1327 2178 assignationem

253 2198 288 2259 ad
302 2216 467 2278 recognosc.
480 2196 607 2277 particul.
627 2211 655 2258 et
669 2196 762 2258 distin.
778 2195 848 2256 inlra
861 2208 930 2256 cert.
945 2207 1056 2275 tempus
1065 2195 1118 2274 jam
1133 2195 1220 2274 elaps.

299 2291 361 2352 168.
382 2298 461 2367 ltem,
478 2289 564 2371 quod.
580 2290 792 2352 instrumentum
820 2288 966 2368 sigillatum
990 2287 1099 2349 duobus
1111 2286 1223 2366 sigillis„
1239 2287 1330 2366 scrip-

253 2400 311 2448 tum
338 2405 420 2448 manu
439 2386 571 2467 aymonis
588 2385 623 2446 de
641 2385 772 2448 Tomalol
800 2383 835 2445 de
861 2383 1089 2465 Monteluppello,
1110 2383 1162 2445 sub
1178 2400 1252 2444 anno
1275 2381 1330 2443 Dr'ri

255 2488 413 2557 multene,
432 2495 463 2543 va
476 2481 521 2542 die
535 2481 638 2544 mensis
653 2482 772 2562 augusti,
791 2481 889 2562 inquo
908 2480 1066 2542 continetur
1083 2479 1158 2560 quod
1184 2478 1328 2560 Philippus

254 2578 289 2639 de
305 2578 397 2653 Clara,
416 2577 556 2639 habitator
572 2578 688 2652 vienne,
703 2575 829 2657 promisit
843 2578 921 2639 dom?
939 2578 1093 2640 Humberto
1107 2576 1237 2656 dalphino
1263 2577 1330 2637 red-

254 2674 320 2734 dere
344 2672 519 2735 medietatem
533 2673 605 2734 furni
630 2675 753 2751 Serviec,
784 2693 866 2755 quam
888 2674 1072 2755 acquisiverat
1085 2673 1159 2735 idern
1173 2673 1250 2734 dom.
1267 2673 1330 2734 dal-

254 2770 355 2851 phinus
369 2791 386 2832 a
401 2769 486 2832 nobili
504 2771 564 2831 viro
585 2771 741 2833 locerando
756 2771 792 2833 de
810 2771 926 2833 Herasio
941 2770 1037 2846 milite,
1059 2769 1329 2852 quotcienscumque

254 2867 344 2928 eidem
361 2866 488 2947 Philippo
513 2867 687 2930 solverentur
699 2881 727 2928 υ
752 2867 820 2930 libre
848 2867 984 2929 viennen.
1001 2887 1050 2948 per
1074 2867 1150 2930 dom.
1168 2866 1328 2947 dalphinum

255 2963 299 3025 vel
317 2963 607 3040 aliumejusnomine.
723 3023 729 3036 ,

297 3061 457 3142 169.·ltem‚
487 3061 571 3140 qued.
603 3059 697 3123 lictera
712 3047 866 3123 'continens
891 3061 1124 3142 dispensationem
1148 3061 1250 3122 factam
1264 3071 1327 3122 curn

252 3160 329 3220 dom⁰
352 3160 478 3239 Guigone
503 3157 646 3238 dalphino,
674 3159 719 3239 qui
747 3159 887 3238 juraverat
905 3159 1069 3220 contrahere
1095 3177 1157 3220 curn
1189 3178 1244 3222 una
1273 3158 1328 3221 hlia

251 3257 359 3319 comitis
374 3255 532 3333 Provincie,
548 3255 594 3335 qui
607 3268 705 3335 postea
719 3255 857 3316 contraxit
865 3274 927 3316 cum
939 3256 1016 3317 doma
1031 3255 1157 3318 Beatrice
1172 3254 1227 3318 lilia
1255 3256 1329 3318 dom‘

253 3354 360 3415 comitis
371 3353 519 3428 sabaudie,
536 3352 600 3432 quia
616 3353 644 3413 in
658 3351 746 3432 gradu
761 3352 1025 3434 consanguineitatis
1039 3368 1127 3416 erant.

297 3471 392 3528 ryoa.
408 3459 488 3527 Item,
506 3450 591 3531 quod.
611 3449 685 3512 aliud
702 3450 913 3512 instrumentum
936 3451 1068 3532 scriptum
1094 3469 1175 3512 manu
1197 3451 1330 3532 aymonis

253 3546 288 3608 de
308 3547 440 3609 Tomalol
463 3547 499 3608 de
522 3546 721 3626 Montelupello
746 3547 856 3622 notarii,
876 3547 928 3610 sub
942 3568 1014 3610 anno
1031 3548 1085 3610 uni
1101 3552 1328 3623 m⁰cc⁰xc⁰111⁰,

253 3643 400 3724 sigillatum
419 3643 529 3705 duobus
554 3644 718 3706 auctenticis
745 3643 839 3724 sigillis
868 3643 896 3705 in
920 3645 1063 3724 pendenti,
1093 3645 1239 3706 continens
1253 3644 1328 3724 quod

252 3741 337 3801 frater
352 3747 441 3821 Aymo
458 3741 590 3821 magister
618 3740 778 3820 Hospitalis,
804 3754 871 3802 tunc
897 3740 989 3802 Sancti
1009 3740 1138 3803 Anthonii
1166 3739 1331 3803 Viennensis

253 3836 330 3912 dicti,
346 3837 475 3917 aquisivit
488 3851 608 3899 castrum
638 3839 731 3900 Sancti
752 3837 881 3899 Anthonii
895 3855 957 3898 cum
973 3837 1132 3900 omnimoda
1155 3836 1329 3915 juridictione

253 3947 281 3994 et
294 3946 383 3995 totum
398 3934 501 4016 affayre
515 3934 550 3995 de
567 3942 714 3998 Montanea
740 3949 767 3996 et
790 3948 883 3996 cetera
900 3934 1065 4014 pertinentia
1081 3935 1116 3996 ad
1136 3934 1240 3995 dictum
1265 3952 1330 3995 cas-

186 4049 188 4052 ·
250 4043 323 4090 trum
339 4044 367 4091 et
398 4030 487 4110 ipsum
513 4030 628 4112 allayre,
658 4031 752 4112 precio
769 4034 841 4093 XVm
858 4038 895 4091 llc
918 4030 1048 4092 librarum
1063 4031 1199 4093 viennen.
1216 4029 1329 4091 anobili

252 4127 312 4186 viro
322 4126 399 4186 dom.
416 4125 677 4208 hymardodomino
691 4128 779 4189 castri
796 4127 879 4201 Novi,
905 4126 940 4188 de
957 4128 1041 4189 leudo
1066 4129 1131 4210 ligio
1148 4142 1175 4190 et
1200 4126 1327 4188 reddibili
