2936 4898
178 542 184 551 ’
242 571 311 634 quas
324 551 464 632 promissit
490 552 599 614 solvere
625 551 715 614 eidem
737 551 859 628 domine,
889 568 1023 611 unacum
1052 550 1114 610 mm
1134 547 1249 609 solidor.
1266 565 1317 628 pro

221 679 223 684 ·
242 647 453 730 aquirimmento
467 647 502 709 de
517 647 639 710 Tollino.
1120 655 1124 662 ’

286 761 351 842 365.
369 769 448 840 Item,
463 761 547 843 qued.
563 761 658 824 lietera
672 760 795 824 officialis
810 759 984 834 Viennensis,
997 757 1098 838 scripta
1108 755 1160 816 sub
1174 771 1248 815 anno
1265 753 1320 814 Diri
1363 817 1367 824 ,

244 863 446 934 M‘CCC011110,
462 858 608 921 continens
622 859 696 940 quod
711 857 788 920 dom.
803 856 972 918 Humbertus
993 854 1028 916 de
1050 851 1197 927 Miribello,
1207 849 1320 911 nomine

243 955 323 1018 dome
341 954 467 1034 Philippe
481 954 575 1016 uxoris
600 974 660 1030 sue,
686 954 829 1016 confessus
843 952 894 1014 fuir
918 951 1047 1014 habuisse
1061 970 1078 1011 a
1093 948 1172 1010 dom⁰
1188 946 1321 1008 brodone

245 1050 358 1112 domino
375 1050 520 1112 Belliuisus
537 1051 572 1113 de
597 1059 704 1127 Marco,
728 1064 826 1131 patruo
841 1048 914 1111 dicre
940 1049 1017 1110 dom·
1033 1045 1170 1126 philippe,
1192 1043 1228 1105 de
1256 1043 1321 1104 dote

243 1146 330 1228 ipsius
344 1146 466 1224 domine,
482 1148 567 1209 videl.
583 1151 663 1211 Vlllc
682 1146 766 1208 libras
780 1145 917 1208 bonorum
929 1145 1079 1220 Viennen.;
1094 1175 1134 1188 -
1150 1139 1215 1220 366.
1234 1147 1315 1215 Item,

245 1243 298 1306 alia
313 1242 410 1305 lietera
426 1243 529 1324 scripta
548 1262 622 1306 anno
639 1244 692 1305 Dr'ri
711 1248 967 1317 M00C0XC⁰V1110,
988 1240 1133 1303 continens
1153 1237 1228 1319 quod
1248 1236 1321 1297 idem

246 1340 322 1404 dom.
344 1340 513 1403 llumbertus
527 1340 563 1403 de
579 1340 716 1402 Miribello
733 1339 876 1402 consessus
892 1338 942 1400 luit
961 1357 977 1399 a
998 1337 1072 1399 dieto
1092 1335 1167 1397 dom.
1190 1334 1323 1396 Drodone

245 1435 375 1498 habuisse
389 1455 424 1498 en
437 1455 521 1498 causa
530 1435 655 1517 predicta
670 1441 734 1497 llllc
744 1436 828 1498 libras
844 1434 981 1496 bonorum
996 1434 1133 1497 viennen.

290 1549 355 1628 367.
374 1556 453 1626 Item,
470 1550 555 1631 qued.
569 1550 775 1614 littereduobus
788 1549 882 1631 sigillis
895 1549 924 1610 in
938 1547 1070 1630 pendenti
1080 1544 1208 1627 sigillare,
1221 1543 1323 1624 scripte

247 1643 299 1708 sub
312 1665 385 1708 anno
401 1645 454 1708 Diri
480 1653 697 1724 M⁰CC⁰LX⁰V⁰,
730 1666 824 1708 mense
851 1645 929 1725 iunii,
957 1644 1131 1707 continentes
1153 1642 1228 1724 quod
1245 1642 1321 1704 dom.

249 1741 428 1824 R(ainaldus)
443 1762 536 1806 comes
547 1744 677 1806 Forensis
690 1757 719 1806 et
727 1743 855 1805 dominus
871 1741 993 1821 Bellijoei
1004 1755 1032 1803 et
1045 1740 1174 1802 Ysabella
1183 1739 1324 1802 eomitissa

249 1839 378 1904 Forensis
392 1852 421 1901 er
434 1840 546 1902 domina
562 1841 696 1920 Bellijoci,
713 1860 784 1902 uxor
795 1840 930 1920 ejusdem,
946 1839 1130 1920 posuerantin
1145 1837 1325 1918 fidejussione

248 1936 367 2020 quadam
380 1936 456 1999 dom.
472 1937 628 2018 Guigonem
639 1936 798 2018 dalphinum
813 1938 841 1999 in
854 1957 936 2000 manu
953 1937 1079 2019 Hugonis
1092 1936 1222 2011 Michalli,
1237 1955 1325 2016 super

251 2037 299 2096 11¹ss
317 2046 345 2095 er
359 2033 569 2114 quadringentis
583 2034 659 2096 libris
673 2034 809 2098 viennen.

292 2147 357 2226 368.
372 2154 450 2225 trem,
467 2147 554 2228 quod.
567 2148 603 2210 al.
614 2148 826 2211 instrumentum
841 2148 973 2229 scriptum
987 2165 1071 2209 manu
1092 2145 1167 2209 Petri
1193 2145 1327 2208 Chaurini

249 2241 348 2302 notarii
362 2242 443 2323 pub.,
457 2244 509 2306 sub
523 2263 596 2306 anno
613 2245 667 2307 Drii
683 2231 998 2321 M⁰CC⁰LX⁰11⁰,indic.
1014 2263 1100 2321 nona,
1113 2243 1200 2324 pridie
1209 2242 1326 2304 kalend.

249 2337 327 2416 junii,
339 2340 485 2402 continens
499 2341 574 2421 quod
592 2341 668 2404 dom.
687 2341 845 2424 symondus
855 2342 890 2403 de
900 2342 969 2420 hnjo
982 2341 1048 2403 feeit
1058 2340 1216 2422 homagium
1231 2339 1328 2422 ligium

250 2433 329 2495 dom⁰
343 2435 463 2516 Guigoni
476 2437 607 2517 dalphino
618 2438 766 2500 Viennensi
780 2451 809 2500 et
823 2438 1030 2502 confessus-luit
1050 2452 1146 2500 tenere
1171 2437 1207 2499 ab
1226 2437 1328 2500 eodem

251 2530 345 2592 omnia
359 2550 392 2592 ea
404 2551 459 2611 que
465 2533 579 2596 tenebat
590 2534 664 2614 apud
678 2542 787 2596 Jarceu.

295 2644 360 2727 369.
386 2653 465 2722 ltem,
490 2649 576 2728 quod.
601 2649 638 2712 al.
666 2649 878 2711 instrumentum
894 2649 1027 2730 scriptum
1057 2668 1139 2710 manu
1165 2647 1275 2711 Martini
1292 2648 1329 2709 de

252 2749 350 2804 castro
372 2743 448 2805 Forti
467 2745 567 2807 notarii
596 2746 686 2826 publ,
708 2745 760 2810 sub
786 2765 872 2808 anno.
894 2746 981 2809 Dhice
1008 2753 1117 2808 incarn.
1137 2751 1327 2823 M⁰CCC⁰XL,

249 2841 347 2904 ultima
360 2841 404 2904 die
423 2843 525 2905 mensis
540 2844 615 2921 maii,
634 2845 779 2907 continens
799 2845 873 2926 quod
891 2863 988 2905 omnes
1000 2861 1119 2924 persone
1137 2843 1227 2905 tocius
1246 2863 1330 2904 man-

252 2941 374 3004 damenti
390 2956 417 3003 et
427 2942 509 3004 castri
524 2943 619 3011 Balme
633 2943 769 3006 Ostoduni
790 2942 983 3025 quietaverunt
1007 2955 1034 3004 er
1059 2941 1223 3004 remiserunt
1251 2941 1330 3002 dieto

252 3039 371 3116 notario,
405 3039 545 3120 stipulanti
574 3053 601 3101 et
623 3039 765 3121 recipienti
793 3040 904 3101 nomine
933 3038 1071 3118 magnifici
1095 3037 1226 3118 principis
1248 3037 1326 3098 dom.

255 3136 399 3199 Humberti
424 3137 545 3217 dalphini
564 3136 743 3214 Viennensis,
764 3137 894 3219 quicquid
915 3137 975 3217 ipse
997 3149 1025 3197 et
1043 3136 1256 3216 predecessores
1285 3135 1328 3196 sui

253 3235 406 3298 habuerant
420 3235 456 3297 ab
473 3234 588 3297 eisdem.
946 3239 948 3246 ’

296 3369 361 3430 370.
381 3357 459 3427 Item,
472 3350 556 3431 qued.
574 3349 664 3412 littera
678 3348 788 3412 duobus
803 3348 898 3430 sigillis
912 3348 1041 3430 sigillata,
1062 3348 1164 3428 scripta
1185 3347 1236 3409 sub
1253 3365 1329 3409 anno

255 3447 308 3509 uri
327 3453 540 3522 M⁰CC⁰LXXI⁰,
557 3445 602 3507 dre
614 3445 725 3506 veneris
741 3459 805 3525 post
819 3445 1016 3522 Reminiscere,
1033 3445 1178 3507 continens
1194 3463 1330 3524 compro·

253 3543 365 3606 missum
376 3544 478 3605 laetum
493 3543 565 3604 inter
578 3542 720 3603 dominum
734 3529 769 3603 de
786 3549 875 3603 turre
888 3561 923 3603 en
939 3561 993 3603 una
1003 3554 1082 3622 parte
1092 3554 1120 3604 et
1129 3540 1205 3603 dom.
1220 3547 1331 3623 Hyssa·

252 3639 351 3704 bellam
374 3640 541 3702 comitissam
567 3640 698 3716 Forassii,
723 3639 862 3702 dominam
889 3638 957 3700 Belli
980 3639 1054 3712 Joei,
1080 3658 1113 3700 ex
1138 3638 1223 3701 altera
1244 3659 1329 3719 super

253 3736 381 3800 omnibus
394 3736 499 3815 injuriis
513 3751 540 3799 et
556 3736 684 3818 c(ereris)
702 3751 731 3800 et
744 3736 899 3818 specialiter
916 3755 999 3817 super
1011 3736 1085 3798 sacro
1099 3737 1134 3798 de
1151 3743 1231 3798 Lent.

297 3864 361 3923 37¹·
376 3851 455 3921 Item,
474 3845 556 3926 qued.
567 3845 658 3909 lirrera
670 3845 786 3927 sigillata
798 3845 826 3906 in
841 3844 985 3926 pendenti,
1001 3845 1103 3926 scripta
1118 3844 1170 3907 sub
1183 3863 1256 3904 anno
1273 3845 1328 3908 uni

255 3949 455 4020 M⁰CC⁰XXX⁰,
471 3953 530 4004 xv1⁰
545 3944 657 4006 kalend.
673 3943 814 4021 febroarii,
827 3943 972 4006 continens
983 3944 1057 4025 quod
1075 3943 1152 4004 dom³
1164 3942 1325 4023 Margarita,

252 4039 308 4101 flia
324 4039 442 4102 condam
463 4040 540 4102 dom⁰
562 4041 695 4104 Beatrieis
712 4041 841 4104 duehisse
860 4053 887 4102 et
909 4041 1015 4103 Vienne
1030 4039 1180 4116 comitisse,
1199 4039 1327 4106 confessa

252 4137 303 4199 suit
321 4137 450 4203 habuisse
479 4159 495 4200 a
521 4138 599 4200 dom⁰
619 4140 729 4201 Andrea
759 4138 889 4221 dalphino
914 4139 998 4201 fratre
1019 4159 1070 4202 suo
1090 4153 1200 4202 centum
1218 4157 1327 4201 mareas
