2844 4900
713 460 754 472 -
778 444 833 506 144
852 460 892 474 .-

265 562 301 625 de
313 562 383 626 Vivo
396 561 441 624 vel
450 561 479 622 in
488 572 549 623 toto
560 559 700 622 territorio
714 559 750 622 de
764 558 834 624 Vivo
847 577 935 641 usque
948 558 984 619 ad
995 559 1085 620 metas
1110 556 1264 619 dividentes
1282 571 1328 619 ter·
1409 523 1410 570 i

264 657 390 722 ritorium
403 657 465 722 vivi
479 677 496 719 a
510 656 650 720 territorio
664 655 748 720 castri
765 656 875 734 Varcie,
891 675 946 717 una
962 675 1025 718 cum
1040 653 1170 716 omnibus
1183 667 1211 716 et
1226 653 1328 735 singulis

263 755 422 819 hominibus
436 767 464 817 et
476 753 611 836 homagiis
623 755 775 832 hominum,
795 773 865 836 quos
880 767 908 817 et
923 773 978 835 que
997 752 1071 815 idern
1084 753 1160 814 dom.
1179 752 1330 832 Rodulphus

264 854 385 940 habebat
397 874 446 918 seu
461 853 561 937 quibus
572 853 701 917 utebatur
715 868 841 934 tempore
851 853 948 915 mortis
957 871 1007 914 sue
1021 851 1091 913 infra
1104 851 1197 913 villam
1208 850 1243 912 de
1257 849 1329 926 Vivo,

264 967 328 1016 sunt
347 966 375 1015 et
395 952 478 1034 pleno
492 952 552 1032 jure
564 952 666 1034 cedant
681 965 709 1015 et
720 951 878 1034 pertineant
901 950 1013 1012 racione
1029 949 1180 1013 amicabilis
1200 947 1332 1028 composi·

159 1093 160 1096 κ
264 1049 351 1112 cionis
365 1050 502 1130 presentis
515 1049 605 1112 eidem
616 1051 693 1111 dom.
710 1047 841 1130 dalphino
857 1061 885 1111 et
908 1047 976 1124 suis,
992 1066 1047 1109 una
1059 1046 1152 1128 (cum)
1165 1045 1290 1108 omnibus
1308 1058 1333 1106 et

264 1147 379 1230 singulis
394 1148 553 1211 hominibus
566 1162 595 1211 et
608 1148 751 1210 hominum
763 1147 898 1230 homagiis
911 1167 965 1229 que
978 1160 1075 1209 tenere
1088 1146 1193 1209 debent
1207 1145 1242 1207 de
1257 1144 1332 1206 leudo

263 1259 293 1308 et
314 1245 437 1308 dominio
462 1246 654 1327 Dalphinatus,
681 1245 805 1327 aquisitis
830 1244 934 1306 dudum
961 1245 1008 1306 vel
1029 1245 1080 1307 sibi
1104 1243 1269 1326 apropriatis
1290 1261 1333 1323 per

262 1344 352 1426 ipsum
369 1344 445 1406 dom.
464 1343 653 1425 Rodulphum,
672 1342 822 1425 dequibus
838 1343 912 1406 idem
929 1342 1006 1405 dom.
1025 1341 1189 1423 Rodulphus
1207 1359 1265 1402 non
1277 1340 1333 1402 lue-

263 1441 299 1504 rit
315 1442 435 1524 legitime
454 1454 578 1504 retentus
600 1461 651 1523 per
666 1441 771 1504 dictum
795 1440 872 1502 dom.
897 1439 1068 1521 dalphinum,
1092 1441 1131 1503 ita
1150 1438 1226 1522 quod
1252 1438 1332 1500 dictus

265 1545 365 1602 Petrus
387 1558 443 1603 non
470 1551 599 1601 teneatur
619 1538 654 1600 de
678 1537 770 1619 aliqua
790 1537 928 1600 evictione
952 1536 988 1599 de
1012 1536 1144 1618 predic-tis
1166 1535 1240 1598 dicto
1263 1535 1330 1596 dom.

263 1635 406 1718 delphino,
429 1649 458 1698 et
476 1636 527 1698 fuit
543 1635 755 1716 pronunciatum
773 1634 849 1717 quod
866 1634 958 1696 omnia
972 1633 1098 1716 predicta
1113 1633 1149 1725 de
1167 1631 1266 1714 quibus
1282 1643 1332 1694 erat

262 1733 452 1800 controversia
465 1733 537 1795 inter
551 1732 627 1815 ipsos
642 1744 804 1796 remaneant
818 1731 893 1794 dicto
905 1730 1018 1793 domino
1034 1731 1215 1812 llorgiarum.

302 1829 404 1908 831·z.
423 1835 503 1904 hem,
519 1828 575 1890 duo
599 1829 677 1911 publ.
696 1829 878 1891 instrumenta
893 1829 922 1890 in
936 1828 1034 1892 eadem
1048 1829 1121 1911 pelle
1137 1828 1249 1908 scripta,
1268 1845 1332 1908 quo·

262 1946 322 1990 rum
343 1925 461 2007 primum
484 1925 617 2006 scriptum
634 1939 677 1988 est
692 1945 775 1986 manu
806 1925 882 1987 Petri
905 1913 1031 1988 sichardi
1056 1926 1092 1986 de
1116 1924 1193 1987 Valle
1210 1922 1331 2004 Navigio,

262 2039 290 2087 et
306 2025 459 2088 secundum
474 2044 542 2087 vero
558 2044 641 2086 manu
657 2025 733 2087 Petri
750 2025 858 2086 Macelli
871 2025 1042 2087 notariorum
1056 2023 1174 2105 public„
1194 2022 1278 2084 videl.
1295 2029 1333 2082 lum

262 2142 336 2185 anno
354 2123 408 2185 Diri
425 2129 623 2198 M⁰CCC⁰XL0‚
647 2121 743 2185 indict.
772 2141 834 2199 vlu,
853 2121 898 2184 die
912 2136 993 2184 nnura
1007 2122 1109 2184 mensis
1128 2120 1232 2202 aprilis,
1244 2138 1334 2182 secun·

262 2219 328 2282 dum
340 2239 410 2300 ¹uero
424 2221 469 2282 die
481 2219 576 2282 ultima
583 2219 685 2282 mensis
696 2219 823 2300 predicti,
836 2219 1005 2283 continentia
1016 2219 1229 2301 requisicionem
1240 2217 1333 2280 factam

262 2316 376 2379 domino
386 2329 437 2398 per
444 2299 648 2398 'comunitatem
661 2316 725 2378 ville
742 2315 777 2378 de
796 2317 901 2392 visilia,
912 2317 1121 2399 parrochiarum
1139 2317 1174 2378 de
1195 2314 1333 2391 Mesatico,

262 2413 298 2476 de
312 2414 416 2490 Bretio,
435 2415 528 2476 Sancti
547 2413 678 2493 Stephani
691 2415 728 2476 de
741 2414 835 2490 lairia,
854 2415 947 2477 Sancti
961 2415 1075 2495 Georgii
1089 2428 1117 2477 et
1135 2414 1228 2476 Sancti
1237 2413 1335 2474 lohan-

261 2510 305 2574 nis
318 2512 354 2574 de
365 2512 442 2574 Valle
457 2511 587 2592 Navigio,
618 2531 672 2592 que
699 2511 883 2574 comunitates
901 2511 1067 2574 unanimiter
1092 2510 1257 2572 remiserunt
1268 2499 1334 2570 dicto

263 2610 376 2673 domino
402 2622 430 2673 et
456 2610 513 2672 suis
529 2610 620 2672 omnia
636 2610 708 2672 male
728 2610 820 2673 ablata
835 2624 863 2674 et
877 2624 986 2674 extorta
1001 2611 1037 2673 ab
1053 2611 1104 2687 eis,
1123 2623 1207 2691 prout
1220 2609 1248 2670 in
1262 2605 1334 2669 dictis

226 2783 232 2792 ἡ
262 2706 480 2787 instrumento
501 2708 668 2769 continetur.
699 2741 737 2753 -
766 2709 835 2786 833.
856 2714 935 2782 ltem,
965 2708 1041 2788 quod
1069 2707 1105 2768 al.
1129 2707 1333 2768 instrumentum

263 2822 346 2864 manu
360 2802 428 2864 dict.
445 2802 617 2864 notariorum
631 2815 659 2864 et
678 2821 762 2883 super
784 2804 883 2866 eodem
905 2804 981 2867 facto
1000 2822 1164 2867 concessum
1181 2823 1231 2884 per
1248 2802 1335 2884 plures

263 2899 423 2963 sacerdotes
437 2898 503 2962 dicti
517 2899 715 2976 mandamenti,
731 2914 760 2964 et
772 2902 859 2964 eciam
874 2903 1031 2964 continetur
1043 2901 1079 2963 de
1092 2901 1222 2963 monetis.

304 2998 372 3076 834.
395 3004 476 3074 ltem,
491 2997 578 3078 quod.
609 2997 821 3060 instrumentum
837 2998 916 3078 publ.
933 2999 1065 3082 scriptum
1082 3017 1165 3060 manu
1187 2996 1291 3058 Alberti
1305 2995 1334 3055 de

264 3093 375 3177 Brayda
398 3092 497 3156 notarii
523 3093 601 3175 publ.
633 3094 686 3157 sub
706 3115 781 3158 anno
803 3096 858 3158 uni
883 3102 1130 3174 M⁰CC⁰XC⁰llll⁰,
1146 3097 1192 3159 die
1214 3092 1336 3158 mercurii

261 3205 369 3269 sancta,
387 3191 533 3254 continens
555 3192 714 3274 homagium
736 3194 830 3275 ligium
857 3207 886 3256 et
901 3193 1062 3274 fidelitatem
1076 3194 1231 3276 prestitam,
1245 3212 1336 3256 sacra·

262 3303 385 3352 mentum
402 3289 454 3352 sub
468 3289 555 3371 pactis
570 3303 598 3352 et
612 3290 822 3352 condicionibus
842 3291 870 3352 in
887 3291 962 3354 dicto
981 3293 1071 3354 instr¹⁰
1086 3292 1235 3369 contentis,
1255 3289 1333 3352 videl.

241 3379 242 3385 '
262 3406 313 3467 per
326 3387 496 3452 Pancionum
514 3387 549 3448 de
562 3387 690 3468 Chiglino
705 3387 881 3450 domicellum
895 3388 977 3450 domo
994 3403 1090 3452 nostro
1100 3389 1242 3472 dalphino.

302 3485 337 3563 83
347 3503 371 3567 5.
389 3491 468 3562 ltem,
483 3484 570 3566 quod.
586 3483 664 3564 publ.
682 3482 894 3547 instrumentum
911 3486 1044 3567 scriptum
1058 3506 1142 3548 manu
1158 3487 1290 3570 Aymonis
1304 3483 1335 3544 de

263 3582 423 3645 Tomafollo
437 3583 536 3645 notarii
552 3583 630 3665 publ.
649 3582 701 3644 sub
725 3585 867 3646 annolini
883 3578 1112 3660 M⁰CC0XC⁰Vl⁰,
1126 3584 1212 3647 indic.
1231 3597 1282 3660 lx³‚
1296 3582 1335 3643 die

262 3679 390 3743 mercurii
404 3694 468 3743 ante
490 3679 591 3743 festum
609 3679 821 3757 penthecostes,
835 3681 981 3744 continens
998 3681 1182 3745 donacionem
1199 3680 1336 3750 lactamin

261 3790 440 3858 augmentum
452 3777 527 3839 feudi
537 3776 573 3838 ill¹
587 3777 705 3858 principi
720 3777 800 3840 dom⁰
818 3779 963 3841 Hunberto
978 3779 1110 3860 dalphino
1128 3778 1278 3842 Viennensi
1291 3793 1335 3858 per

261 3874 349 3936 ven¹⁹⁸
360 3873 437 3935 viros
451 3873 527 3936 dom.
545 3873 751 3957 G(uillelmum)
769 3875 804 3937 de
817 3876 962 3953 Comeriis,
975 3875 1111 3939 decanum
1128 3877 1245 3940 ecclesie
1256 3882 1336 3936 Beate

263 3971 350 4034 Mario
369 3971 585 4052 Grationopolis,
604 3987 634 4034 et
652 3971 746 4052 plures
770 3973 920 4035 canonicos
943 3986 971 4035 et
988 3973 1140 4054 capitulum
1154 3973 1256 4036 ibidem
1269 3989 1336 4034 con-

230 4081 232 4086 ’
262 4067 381 4150 gregati,
399 4067 435 4130 de
452 4086 590 4131 consensu
612 4082 641 4131 et
659 4070 801 4133 voluntate
819 4069 889 4156 rendi
899 4069 927 4131 in
942 4070 1039 4150 xpisto
1052 4069 1138 4151 patris
1154 4068 1230 4132 dom.
1246 4065 1335 4149 G(uil·

262 4165 350 4247 lelmi)
364 4163 438 4228 dicte
451 4165 568 4229 ecclesie
591 4165 726 4247 episcopi,
752 4166 837 4229 videl.
854 4168 889 4229 de
908 4181 1011 4244 castro,
1028 4167 1225 4256 mandamento
1236 4180 1262 4230 et
1273 4184 1335 4248 per-
