2842 4900
539 447 717 510 ,245-

135 567 200 625 Sunt
210 561 291 626 etiam
305 563 422 645 plurima
436 565 489 628 alia
503 563 685 628 instrumenta
702 563 773 627 infra
792 562 941 646 hospitium
955 562 1031 626 curie
1048 563 1118 624 Buri
1137 563 1166 624 in

100 661 213 722 custodia
237 661 291 726 mei
312 663 399 745 ipsius
413 663 552 742 Rotberti,
575 662 723 747 tangencia
741 676 798 726 tam
819 663 921 726 factum
947 661 1058 724 Avisani
1083 681 1166 744 quam

99 757 264 820 concordiam
274 759 376 823 factam
390 779 452 824 curn
467 759 609 824 abbatissa
624 760 777 824 Arelatensi
788 773 816 824 et
830 760 982 824 solutiones
993 773 1021 823 et
1035 759 1167 822 emendas

99 855 131 917 de
142 854 276 921 forefactis
293 869 322 919 et
334 856 436 921 debitis
450 856 555 921 domini
570 858 606 921 de
621 857 737 920 Lunello
749 872 778 921 et
791 857 859 920 alias
877 857 1003 920 diversas
1017 855 1167 940 antiquita-

98 964 135 1015 tes
147 952 181 1016 de
189 952 268 1016 factis
281 954 349 1018 dict.
366 955 556 1032 baroniarum,
571 975 624 1039 que
641 974 697 1018 non
717 955 813 1018 curavi
827 967 940 1038 portare
954 954 990 1017 ad
1004 954 1080 1018 dom.
1097 973 1167 1016 nos-

97 1063 160 1112 trum
173 1051 291 1132 predict.
316 1053 381 1136 quia
399 1073 457 1116 non
476 1054 561 1118 credo
586 1053 729 1136 expedire,
747 1053 880 1116 advideat
892 1066 985 1116 tamen
999 1052 1073 1115 idem
1088 1052 1165 1118 dom.

96 1161 182 1211 noster
192 1149 258 1231 quid
273 1150 454 1214 dominationi
470 1163 520 1214 sue
530 1151 665 1233 placuerit
678 1170 761 1234 super
771 1152 825 1214 hoc
837 1150 1006 1214 faciendum.

131 1245 305 1328 Infrascn'pta
320 1246 502 1312 instrumenta
518 1249 651 1312 faciencia
668 1268 719 1331 pro
737 1247 850 1312 domino
864 1262 961 1310 nostro
975 1247 1101 1330 predicto
1119 1247 1168 1310 ha-

96 1340 143 1406 beo
157 1362 211 1425 ego
227 1343 297 1407 dict.
316 1345 470 1409 Rotbertus
486 1346 514 1409 in
527 1345 681 1410 cartulariis
693 1345 763 1410 meis
773 1365 823 1428 per
835 1365 879 1408 me
893 1357 999 1422 notata,
1013 1357 1168 1428 quetamen

95 1440 208 1507 nondum
217 1461 269 1523 per
278 1462 323 1505 me
332 1443 444 1506 fuerunt
453 1457 590 1524 grossata,
605 1443 690 1506 videl.
701 1479 743 1490 -
759 1444 844 1522 1383.
859 1449 1073 1507 lustramentum
1084 1461 1168 1524 super

96 1537 238 1602 donatione
258 1539 332 1602 facta
352 1540 389 1602 ill¹
403 1539 520 1622 principi
535 1540 611 1604 dom.
628 1541 747 1604 Iohanni
760 1539 893 1623 dalphino
908 1541 989 1622 pred.
1005 1539 1099 1603 inclite
1120 1559 1168 1602 re-

95 1636 195 1699 cordat.
214 1655 266 1718 per
281 1637 356 1700 bone
368 1637 501 1701 memorie
517 1637 594 1700 dom.
613 1637 807 1722 Raymundum
827 1637 1002 1701 Medullionis
1025 1637 1167 1701 dominum

94 1732 124 1795 de
136 1733 252 1796 baronia
269 1735 444 1798 Medullionis
460 1749 489 1799 et
500 1755 585 1817 super
601 1734 726 1819 pluribus
750 1735 837 1818 pactis
852 1736 925 1799 inter
944 1735 1058 1798 eosdem
1075 1735 1169 1798 domi-

94 1851 140 1894 nos
154 1832 265 1896 habitis.
276 1868 317 1880 -
331 1833 416 1913 1384.
431 1841 465 1896 It.
478 1833 690 1898 instrumentum
701 1854 785 1916 super
795 1833 986 1916 recognitione
999 1847 1027 1896 et
1037 1833 1168 1915 homagio
1265 1832 1268 1840 '

92 1927 165 1991 factis
178 1928 231 2010 ipsi
243 1928 321 1993 dom.
336 1929 453 1993 Iohanni
467 1930 599 2012 dalphino
611 1951 662 2012 per
674 1931 796 1994 nobilem
814 1931 904 1993 virum
921 1930 1115 2014 Raymundum
1133 1930 1169 1994 de

95 2025 310 2104 IIomeAlbano,
327 2027 469 2090 dominum
483 2028 587 2091 Montis
601 2028 701 2105 Mauri,
717 2029 844 2092 valituris
863 2041 927 2110 post
944 2027 1051 2092 obitum
1064 2027 1169 2090 domini

95 2125 266 2188 Iledullionis
278 2127 406 2207 predicti,
424 2127 459 2190 de
477 2139 570 2190 castro
584 2127 761 2210 Petrellonge
775 2140 803 2190 et
814 2127 920 2191 directo
933 2126 1056 2189 dominio
1066 2126 1170 2190 medie·

92 2222 153 2285 tatis
161 2223 245 2287 castri
258 2224 295 2286 de
306 2224 404 2287 Poieto
417 2224 445 2287 in
461 2224 533 2287 valle
548 2224 708 2287 Bodonensi
723 2238 752 2287 et
763 2224 879 2286 duamm
896 2224 1020 2306 parcium
1036 2223 1119 2286 castri
1134 2224 1170 2288 de

8 2355 9 2362 τ
94 2319 171 2382 Claro
189 2329 286 2383 Monte
300 2321 396 2402 eteius
408 2321 536 2386 fortalicii
551 2335 579 2385 et
593 2321 734 2385 territorii.
752 2355 789 2367 -
801 2341 809 2383 r
821 2323 886 2404 385.
907 2329 940 2385 It.
957 2320 1169 2385 instrumentum

8 2427 9 2434 ’
92 2436 173 2499 super
187 2417 320 2500 homagio
329 2433 358 2482 et
374 2419 564 2502 recognitione
574 2419 654 2506 factis
667 2419 720 2501 ipsi
732 2419 809 2482 dom.
819 2419 961 2502 dalphino,
973 2419 1072 2482 eodem
1085 2419 1171 2482 modo

93 2514 224 2591 valituris,
247 2507 394 2598 per'dom.
418 2526 529 2581 larente
549 2518 585 2580 de
600 2517 732 2580 Plaziano
756 2517 791 2580 de
805 2517 857 2580 hiis
871 2537 925 2599 que
946 2516 1068 2580 habebat
1096 2515 1170 2598 apud
1270 2567 1272 2578 ,

94 2613 262 2678 Plazianum.
279 2651 318 2662 -
338 2615 422 2694 1386.
439 2624 518 2693 Item,
536 2635 621 2698 super
637 2615 767 2697 homagio
786 2616 860 2678 facto
877 2615 929 2696 ipsi
946 2615 1023 2678 dom.
1039 2614 1171 2696 dalphino

9 2701 10 2730 ³
92 2731 139 2791 per
152 2713 326 2776 Bonifacium
337 2714 374 2776 de
388 2715 529 2778 Alauzone
541 2734 593 2797 pro
606 2713 658 2777 hiis
674 2732 729 2795 que
739 2712 861 2777 habebat
874 2713 949 2796 apud
965 2712 1125 2776 Plarianum
1143 2725 1172 2776 et

9 2865 10 2892 3
92 2810 273 2874 Guilbertum.
290 2847 327 2860 -
346 2813 430 2890 1387.
448 2819 528 2889 Item,
543 2832 628 2894 super
639 2811 770 2894 homagio
785 2812 859 2874 facto
874 2811 925 2892 ipsi
941 2811 1018 2874 dom.
1035 2810 1168 2893 dalphino

94 2927 140 2989 per
152 2909 307 2972 Giraudum
323 2909 425 2973 Medici
448 2924 477 2974 et
498 2911 691 2993 recognitione
716 2911 744 2972 in
759 2909 873 2972 feudum
887 2910 923 2972 de
935 2909 1084 2973 medietate
1107 2929 1173 2972 cas-

93 3019 195 3072 trorum
209 3007 246 3070 de
263 3007 391 3070 Mollanis
405 3021 433 3070 et
447 3007 482 3070 de
494 3007 593 3071 Poieto
608 3007 662 3070 dan
674 3007 812 3089 Percipia.
833 3042 868 3054 -
888 3007 972 3087 1388.
991 3013 1071 3082 Item,
1089 3025 1173 3088 super

94 3104 287 3188 recognicione
301 3119 330 3168 et
340 3105 471 3188 homagio
484 3105 564 3169 factis
587 3104 640 3188 ipsi
655 3105 731 3169 dom.
752 3105 884 3186 dalphino
902 3123 953 3186 per
970 3103 1123 3166 Richanum
1138 3103 1173 3166 de

96 3204 193 3281 Insula,
206 3202 243 3266 de
257 3217 350 3267 castro
365 3204 400 3267 de
417 3204 596 3286 Argueleriis.
613 3240 650 3252 -
672 3205 756 3287 1389.
773 3211 852 3279 Item,
876 3221 959 3285 super
977 3201 1173 3284 recognicione

95 3315 121 3365 et
135 3301 272 3384 homagiis
282 3301 361 3364 factis
377 3302 428 3384 ipsi
443 3302 520 3364 dom.
533 3301 664 3383 dalphino
674 3321 725 3384 per
735 3302 811 3364 dom.
833 3308 979 3381 Ilugonem
991 3298 1027 3360 de
1042 3298 1132 3361 Podio
1146 3311 1175 3362 et

97 3405 235 3464 Bastetum
249 3402 349 3463 fratres
363 3400 398 3462 de
412 3413 504 3463 castro
522 3399 666 3462 Rellranie.
686 3435 725 3446 —
745 3417 829 3481 1390.
848 3405 927 3472 Item,
944 3415 1028 3477 super
1043 3396 1176 3478 recogni-

95 3497 170 3561 tione
180 3513 209 3562 et
224 3489 357 3578 homagio
368 3497 448 3560 factis
462 3497 514 3580 ipsi
531 3496 607 3559 dom.
625 3495 757 3577 dalphino
778 3514 829 3578 per
846 3495 1000 3558 Richanum
1015 3494 1051 3556 de
1077 3494 1173 3575 Spina,

97 3593 129 3656 de
143 3593 241 3675 majori
258 3593 382 3656 dominio
394 3593 476 3656 castri
492 3594 528 3656 de
546 3593 700 3656 Ilontealto
715 3606 743 3655 et
756 3591 842 3674 quad.
867 3590 975 3674 pareria
988 3610 1070 3673 quam
1086 3591 1176 3654 habe-

98 3689 142 3766 bat
161 3692 238 3774 apud
263 3691 412 3755 sorbellis.
431 3727 472 3740 -··
500 3711 585 3774 ¹391·
603 3700 683 3767 Item,
703 3710 787 3772 super
807 3689 1003 3772 recognicione
1024 3689 1097 3753 facta
1125 3709 1177 3772 per

98 3788 271 3852 Nicholetum
285 3788 321 3850 de
337 3789 403 3851 Arlo
427 3790 580 3871 quondam,
608 3791 644 3852 de
663 3789 772 3870 pareria
783 3807 866 3870 quam
880 3787 1002 3850 habebat
1015 3787 1089 3869 apud
1103 3795 1178 3851 Pru-

97 3886 201 3967 piacum
213 3901 244 3950 et
256 3907 294 3950 xx
314 3886 578 3951 libriscensualious
593 3909 661 3976 quas
676 3888 821 3970 percipere
831 3886 952 3950 debebat
967 3886 1003 3948 ab
1019 3886 1177 3952 hominibus

98 3983 132 4045 de
144 3985 280 4047 Rocheta.
297 4021 334 4032 -
351 4003 436 4067 ¹392·
454 3993 534 4062 Item,
552 4005 636 4067 super
648 3984 839 4068 recognitione
853 3984 1017 4066 ethomagio
1034 3985 1114 4049 factis
1128 4004 1179 4066 per

99 4082 258 4144 Gaufridum
274 4082 416 4146 dominum
445 4083 594 4166 Besignani
612 4084 648 4147 de
670 4096 698 4147 et
710 4103 763 4165 pro
776 4081 874 4146 castris
891 4082 927 4146 de
944 4084 1132 4167 Besig(n)ano
1151 4095 1179 4147 et

99 4180 132 4244 de
148 4187 252 4247 sancto
270 4182 413 4248 salvatore
428 4181 457 4246 e't
478 4197 638 4248 tenemento
653 4183 688 4246 de
707 4181 802 4246 vilari.
824 4217 865 4230 —
896 4201 981 4266 ¹393·
1001 4190 1081 4266 Item,
1095 4201 1179 4264 super
