2842 4900
721 495 897 562 -„4-

273 608 377 673 nuere
390 583 500 685 noan,
516 609 568 672 suu
580 609 683 692 (anno)
698 609 752 672 ort
767 613 989 686 mercurium,
1008 585 1154 674 cononem
1166 611 1239 692 quor
1259 617 1328 692 nugo
1396 611 1397 624 ι

274 705 312 770 de
330 713 424 772 Monte
439 713 545 782 Bruno,
566 706 708 771 Rolandus
720 707 895 770 domicellum
906 705 1056 789 conies(si)
1071 707 1182 796 fuerunt
1206 727 1236 770 se
1250 720 1331 770 tenere

274 803 381 868 adom⁰
396 811 554 868 Draconeto
567 805 602 867 de
621 812 696 868 thore
708 805 815 868 Albano
825 819 946 868 castrum
960 804 996 867 de
1007 812 1214 885 Monteguerso,
1226 805 1261 894 de
1272 805 1332 868 valle
1397 881 1398 904 Χ

274 902 375 980 Guina,
394 902 523 986 dyocesis
548 902 738 983 vapincensis,
763 914 792 966 et
809 900 875 965 fecit
899 902 1058 983 homagium
1079 901 1169 966 dictus
1192 910 1271 984 tlogo
1290 921 1332 984 pro

274 997 350 1062 dieto
368 1013 471 1063 castro.
482 1034 523 1048 -
544 1000 628 1063 1261.
646 1005 725 1076 ltem,
743 998 780 1060 al.
796 998 1007 1062 instrumentum
1021 997 1096 1063 dieto
1107 999 1197 1062 inme
1210 1017 1331 1062 annexum

274 1094 405 1176 scriptum
424 1113 507 1158 manu
530 1095 596 1159 dicti
614 1097 724 1173 notarii,
748 1114 821 1158 anno
844 1096 982 1177 predicto,
1007 1096 1153 1160 continens
1178 1096 1252 1178 quod
1267 1096 1330 1158 dour.
1398 1151 1399 1166 ,

274 1197 432 1272 Rostagnus
447 1191 535 1254 Amici
553 1190 641 1269 miles,
663 1190 846 1256 condominus
860 1191 1042 1275 Vereoyrani,
1061 1192 1219 1274 (consessus
1233 1193 1291 1274 fuit)
1308 1212 1332 1254 se

272 1300 369 1352 tenere
389 1288 418 1351 iu
432 1288 544 1352 seudum
556 1309 573 1352 e
586 1289 661 1352 dicto
676 1290 752 1352 dom.
772 1297 930 1352 Draconeto
944 1289 1077 1371 quidquid
1088 1288 1202 1352 tenebat
1213 1303 1241 1352 et
1255 1289 1332 1370 possi-

274 1383 359 1450 debat
370 1385 399 1467 jn
408 1399 468 1450 toto
487 1400 578 1450 castro
592 1386 774 1470 Vercoyrani,
788 1406 839 1468 pro
853 1407 909 1469 quo
924 1386 992 1449 fecit
1003 1385 1054 1448 sibi
1068 1386 1237 1468 homagium.

318 1483 402 1546 1262.
420 1489 499 1558 Item,
513 1484 550 1546 al.
565 1483 776 1548 instrumentum
792 1483 923 1565 scriptum
937 1501 1021 1545 manu
1034 1481 1131 1572 ¹Poncii
1148 1481 1273 1557 saonem,
1288 1480 1328 1548 sub

274 1597 347 1644 auno
364 1579 417 1642 oni
431 1586 513 1642 ll⁰11c
527 1589 640 1661 octuag‘
654 1587 715 1658 V10,
737 1581 882 1644 continens
899 1579 1086 1644 venditionem
1103 1581 1203 1643 factam
1222 1598 1268 1660 per
1280 1585 1328 1640 Ro·

273 1675 379 1756 getium
394 1676 430 1739 de
447 1684 542 1740 llonte
557 1661 671 1740 'Brando
685 1677 802 1742 lohanni
823 1677 858 1741 de
876 1677 1020 1742 horedum
1039 1677 1074 1740 de
1099 1689 1191 1740 castro
1212 1677 1245 1739 de
1261 1681 1329 1757 Esp-
1399 1741 1400 1746 ,

274 1791 344 1836 rouo
356 1772 385 1836 in
407 1771 522 1837 baronia
545 1773 686 1838 hsedune.
1399 1765 1400 1774 ’

255 1867 258 1874 '
320 1870 404 1950 1263.
422 1867 502 1947 Item,
517 1869 603 1952 quod.
619 1869 832 1935 instrumentum
847 1871 991 1935 continens
1007 1869 1229 1950 recognitionem
1244 1869 1327 1932 factm

274 1987 325 2050 per
338 1967 457 2030 nobilem
469 1974 615 2048 Hugonem
627 1967 663 2030 de
674 1974 769 2030 Monte
785 1953 879 2030 Brimo
889 1966 1110 2045 dom⁰llandone
1123 1965 1232 2028 domine
1244 1964 1327 2028 Montis
1400 2033 1401 2050 χ

187 2079 189 2084 ·
273 2065 383 2143 Albani,
395 2065 431 2128 de
447 2079 538 2129 castro
555 2079 584 2128 et
592 2065 727 2131 fumalieio
751 2065 787 2129 de
806 2073 918 2129 Rovont
942 2079 970 2129 et
997 2065 1034 2127 de
1049 2078 1141 2127 castro
1169 2077 1197 2127 et
1213 2062 1327 2126 tonalido
1400 2065 1401 2140 j

276 2162 378 2227 Montis
398 2164 508 2241 Guersi,
528 2163 631 2229 lactum
650 2185 733 2227 manu
754 2171 838 2228 Petro
861 2164 995 2228 Rainaudi
1013 2163 1065 2227 sub
1092 2182 1167 2226 anno
1188 2162 1240 2225 uni
1260 2161 1326 2223 lltllc
1400 2233 1401 2238 ἵ

277 2268 415 2326 uxxvu.
704 2345 706 2349 Ι

320 2357 595 2440 1264.1tem‚quod.
613 2359 651 2424 al.
666 2358 877 2422 instrumentum
897 2359 1032 2440 scriptum
1051 2377 1134 2422 manu
1147 2356 1283 2422 lobannis·
1293 2352 1327 2414 del

275 2456 392 2520 hselinis
404 2455 515 2530 notarii,
530 2456 582 2519 sub
591 2475 665 2520 anno
682 2465 790 2522 lucam.
808 2463 1056 2533 hl⁰ll⁶LllXVlll⁰,
1075 2476 1094 2519 ιι
1112 2456 1224 2519 kalend.
1237 2470 1328 2516 noven-
1401 2457 1402 2464 ’

275 2554 343 2630 bris,
358 2553 504 2617 continens
513 2553 588 2634 quod
602 2554 678 2617 dom.
693 2554 853 2618 Guillelmus
867 2554 903 2617 de
917 2553 1023 2630 Colins,
1038 2553 1167 2616 dominus
1182 2554 1209 2615 in
1220 2563 1290 2634 parte
1300 2547 1327 2608 de
1401 2555 1402 2560 ’

275 2650 424 2726 hlausone,
436 2649 600 2730 recognovit
608 2650 688 2712 dom⁰
698 2651 864 2735 Raymundo
879 2650 1003 2714 Gaufridi
1018 2650 1053 2712 de
1064 2649 1228 2726 castellana,
1243 2643 1328 2710 domini

277 2745 360 2808 Motis
374 2744 483 2822 Albani,
504 2745 532 2808 in
546 2746 659 2810 feudum
682 2748 826 2812 hanchum
851 2763 880 2812 et
910 2747 1004 2810 nobile
1022 2747 1157 2828 quidquid
1183 2745 1292 2809 habebat
1306 2742 1328 2803 in

276 2842 351 2906 dicto
373 2855 465 2906 castro
485 2855 515 2904 et
536 2862 588 2924 pro
602 2845 655 2908 hoc
668 2845 734 2908 lecit
747 2844 905 2928 homagium
920 2858 948 2906 et
960 2843 1079 2926 prestitit
1101 2843 1238 2908 fidelitatis
1254 2859 1330 2906 sacra·

276 2952 410 3004 mentum.

320 3039 405 3120 1265.
422 3044 501 3114 Item,
517 3038 607 3120 quod,
622 3039 835 3104 instrumentum
847 3038 993 3104 continens
1007 3036 1166 3117 homagium
1185 3034 1257 3098 dom¹
1268 3029 1330 3094 Petn'

276 3137 312 3200 de
327 3143 422 3199 Monte
437 3135 555 3198 Brisono
570 3135 673 3214 militis,
691 3135 795 3200 domini
809 3136 845 3198 de
855 3136 998 3212 choraeo,
1009 3153 1061 3216 per
1076 3153 1139 3195 eurn
1156 3133 1254 3196 factum
1264 3129 1331 3191 dorm

275 3231 406 3314 dalphino
416 3245 445 3296 et
457 3233 679 3314 recognitionem
693 3253 742 3315 per
753 3232 923 3296 eumfactam
935 3232 970 3295 de
984 3231 1059 3294 dieto
1067 3243 1159 3292 castro
1169 3228 1204 3291 de
1219 3227 1331 3290 Chovaco

275 3349 338 3393 cum
348 3346 399 3394 suo
414 3330 609 3394 mandamento
622 3344 650 3394 et
663 3329 823 3393 omnimoda
840 3327 1026 3410 juridictione,
1040 3327 1173 3409 scriptum
1188 3325 1230 3407 (ut
1246 3318 1329 3400 1232),

276 3427 321 3491 die
338 3439 378 3490 ιιιΙ
392 3446 471 3490 mens
483 3427 551 3508 julii.

272 3575 275 3578 .
320 3526 405 3590 1266.
418 3532 497 3602 Item,
512 3525 601 3608 quod.
616 3526 654 3589 al.
670 3525 881 3589 instrumentum
895 3523 1027 3606 scriptum
1041 3542 1125 3585 manu
1136 3517 1263 3584 lobannis
1275 3521 1331 3578 cor·

275 3625 382 3708 teyssii,
399 3623 451 3687 sub
462 3643 535 3687 anno
552 3623 606 3687 oni
621 3630 827 3701 M⁰lltllC0Vl⁰‚
843 3622 889 3684 die
915 3641 945 3683 ιιι
968 3621 1069 3686 mensis
1093 3618 1255 3702 septenbris,
1271 3630 1330 3676 cou-

275 3722 366 3784 tinens
380 3720 455 3802 quod
467 3733 557 3784 castra
571 3721 607 3782 de
624 3719 728 3784 Riomis
744 3733 774 3782 et
788 3718 890 3786 Montis
904 3717 1002 3781 Guersi
1016 3717 1127 3780 fuemnt
1137 3715 1236 3778 tradita
1246 3713 1272 3774 in
1283 3726 1330 3770 rua·

275 3817 479 3896 nibusdiscreti
491 3818 545 3880 viri
556 3818 632 3881 dom.
650 3815 822 3880 Benevenuti
838 3816 874 3878 de
891 3813 1084 3896 Compeyssiu‚
1102 3813 1194 3894 legum
1206 3807 1330 3893 prolessu

275 3915 325 3991 ris,
343 3913 500 3995 recipientis
509 3913 622 3978 nomine
634 3913 706 3978 doru¹
719 3911 865 3976 Humberti
875 3911 996 3993 dulphini
1015 3910 1190 3988 Viennensis,
1208 3917 1328 3986 tamquam

277 4012 372 4094 majori
390 4011 503 4074 domino
516 4012 583 4075 dict.
608 4026 772 4076 castrorum.

321 4109 406 4189 1267.
430 4116 509 4187 ltem,
529 4110 616 4190 quod.
641 4111 678 4173 al.
705 4109 916 4174 instrumentum
945 4107 1076 4189 scriptum
1101 4127 1183 4170 manu
1202 4093 1329 4168 uerrrmdi

276 4207 395 4272 stardi
407 4206 507 4271 notarii
522 4205 600 4287 publ.
615 4206 667 4272 sub
679 4225 753 4270 anno
765 4206 820 4272 uni
837 4210 1030 4280 M⁰110XC⁰V⁰,
1050 4223 1088 4266 xu
1102 4204 1148 4268 die
1171 4199 1265 4266 mensis
1282 4211 1329 4258 no-
