2894 4906
728 456 907 534 ..306-

282 598 311 650 et
346 599 501 668 grossatum
523 605 574 668 per
598 587 680 668 Guig.
711 587 824 670 Vilaysii
848 586 899 650 sub
916 603 989 648 anno
1005 584 1060 648 uni
1074 581 1267 666 u⁰cc(1111¹¹)
1278 589 1330 659 vu,

282 683 328 746 die
356 703 395 748 rur
427 683 503 758 maii,
540 683 685 748 continens
714 685 790 765 quod
828 685 862 746 ad
891 681 1048 746 instantiam
1087 694 1115 744 et
1143 680 1332 762 requisitionem

280 781 411 844 lobannis
435 780 471 843 de
494 781 616 856 Coardo,
632 801 683 863 pro
711 801 742 844 se
768 795 796 844 et
821 781 952 844 fratribus
980 779 1075 857 suis„
1106 779 1247 842 confessis
1256 778 1334 840 briter

280 877 444 960 recognovit
465 878 555 959 Guigo
580 879 616 941 de
632 879 783 961 Oysencio,
807 878 883 960 prior
907 878 1044 958 prioratus
1072 877 1172 938 domus
1185 875 1272 938 Vilarii
1287 881 1334 936 Bc·

280 975 395 1053 nedicti,
414 974 526 1038 nomine
547 975 620 1039 dicte
646 977 744 1058 domus
771 995 801 1038 se
830 988 926 1038 tenere
941 987 969 1036 et
986 975 1058 1036 velle
1072 987 1169 1036 tenere
1182 974 1211 1035 in
1224 971 1334 1053 alburga-

261 1085 405 1136 ‘mentum
429 1071 465 1135 ab
491 1072 558 1153 ipsis
578 1072 708 1136 fratribus
729 1073 818 1154 primo
842 1071 1017 1134 medietatem
1038 1071 1161 1133 omnium
1189 1069 1334 1133 taschiarun

282 1170 318 1232 de
331 1187 428 1233 manso
446 1169 559 1232 Roberti
576 1169 742 1252 ubicumque
754 1169 809 1232 sint
830 1183 858 1233 er
871 1168 951 1251 plura
970 1167 1022 1230 alia
1042 1167 1070 1230 in
1096 1167 1171 1230 dicto
1189 1167 1274 1230 instrlo
1298 1165 1335 1227 de·

281 1265 400 1349 signata.

327 1365 411 1443 1718.
443 1372 521 1438 item,
550 1364 586 1428 al.
616 1365 826 1427 instrumentum
853 1362 905 1426 sub
928 1382 1002 1426 anno
1027 1362 1081 1425 Drii
1102 1368 1292 1439 M⁰CCLX⁰V⁰,
1309 1373 1331 1420 v

281 1457 343 1524 idus
357 1459 461 1542 aprilis,
475 1461 620 1523 continens
633 1460 707 1544 quod
723 1466 879 1522 Bosonetus
891 1459 926 1522 de
941 1458 1071 1521 cobardo
1083 1472 1112 1522 er
1123 1458 1260 1522 lohannes
1272 1464 1334 1518 Gau-

281 1555 355 1633 rerii,
370 1557 484 1621 maritus
496 1557 647 1641 Raynaude
662 1558 697 1620 de
708 1555 818 1633 Crollis,
828 1556 981 1637 albergavit
991 1556 1071 1618 dono
1082 1555 1200 1617 iohanni
1213 1552 1334 1628 Richardi,

283 1655 428 1716 conreario
449 1655 548 1718 domus
568 1655 662 1720 vilarii
686 1653 841 1731 Benedicti,
861 1654 931 1719 tales
946 1652 1066 1716 tascbias
1084 1671 1153 1733 quas
1167 1651 1238 1714 dicta
1253 1652 1335 1712 donus

253 1767 258 1780 ·
281 1749 396 1815 tenebat
404 1749 440 1814 ab
452 1750 519 1833 ipsis
538 1751 574 1812 de
591 1769 688 1814 manso
705 1750 858 1813 Roberri...
877 1750 906 1812 in
927 1768 983 1812 una
1000 1748 1081 1830 peria
1101 1760 1176 1810 terre
1195 1747 1334 1812 continente

283 1846 356 1911 circa
371 1865 400 1910 vr
414 1847 540 1928 jornalia,
552 1861 580 1910 et
596 1848 675 1928 plura
691 1847 782 1910 alia...

284 2051 338 2100 1111a
351 2039 517 2117 decembris,
545 2053 700 2122 grossarum
713 2061 764 2122 per
781 2039 957 2121 Rodulpbum
978 2039 1014 2101 de
1037 2040 1113 2103 Valle
1129 2039 1166 2102 de
1179 2035 1334 2120 protbocollis

283 2137 416 2218 Aymonis
443 2137 556 2202 iuvenis
574 2137 686 2215 notarii,
709 2137 854 2201 continens
879 2137 954 2218 quod
983 2137 1062 2200 dorua
1094 2137 1221 2216 Guigona
1242 2132 1336 2196 domina

284 2234 377 2298 Sancti
395 2235 470 2299 Petri
488 2236 524 2298 de
540 2235 691 2311 blavardo,
704 2255 774 2298 uxor
789 2235 840 2297 viri
854 2234 955 2297 nobilis
971 2227 1102 2316 Stephani
1119 2229 1219 2318 Cayra,
1233 2234 1266 2294 de
1278 2249 1336 2294 con·
1417 2251 1418 2274 l

283 2349 366 2394 sensu
393 2344 422 2395 et
448 2332 590 2396 voluntate
617 2332 682 2395 dicti
698 2331 829 2412 Stephani
850 2331 939 2394 mariti
959 2331 1013 2408 sui,
1043 2345 1072 2394 et
1097 2331 1171 2394 idern
1201 2330 1335 2412 Stephanus

283 2428 399 2494 miles...
417 2430 588 2494 retinuerunt
609 2431 783 2494 Guillelmum
800 2437 890 2492 Guers
913 2429 948 2492 de
960 2429 1096 2508 avalone,
1113 2430 1280 2511 stipulantem
1292 2445 1336 2487 no·

284 2528 357 2590 mine
366 2546 417 2590 suo
426 2541 454 2591 et
465 2527 603 2591 burbonio
613 2527 668 2591 filie
682 2528 802 2590 condam
815 2527 888 2589 dom¹
902 2534 913 2588 J
918 2526 1033 2589 ohannis
1043 2527 1079 2590 de
1087 2527 1150 2590 Alto
1160 2527 1240 2590 vilari
1249 2522 1333 2597 militie

284 2623 378 2686 uxoris
406 2624 472 2688 dicti
487 2625 662 2702 Guillelnri,..
682 2625 717 2688 de
739 2624 839 2687 talibus
851 2623 968 2704 juribus,
984 2623 1084 2698 leudis,
1102 2622 1263 2696 actionibus,
1276 2616 1336 2700 peti-
1416 2671 1417 2704 ,

282 2721 415 2797 tionibus,
434 2721 579 2802 seignoriis
595 2737 623 2786 et
635 2721 792 2785 hominibus
805 2740 859 2802 que
872 2720 917 2781 vel
931 2738 1000 2801 quas
1013 2720 1135 2783 babebat
1149 2741 1197 2783 seu
1207 2719 1275 2781 visus
1288 2725 1336 2776 erat

284 2816 387 2880 babere
402 2816 624 2882 domlobannes
639 2820 674 2881 de
688 2820 749 2881 Alta
761 2818 830 2881 Villa
846 2817 965 2881 condant
979 2818 1056 2880 miles
1069 2818 1097 2880 in
1111 2819 1183 2881 valle
1199 2818 1232 2880 de
1244 2816 1337 2878 blavar·

283 2915 372 2992 do...,
386 2935 437 2997 pro
451 2935 506 2978 xxx
519 2916 600 2978 solid.
617 2915 652 2979 de
662 2915 763 2997 placito
775 2914 916 2978 solvendis
928 2929 956 2978 et
967 2935 1018 2997 pro
1034 2935 1090 2978 uno
1100 2903 1238 2998 homagio,
1250 2930 1336 2991 excep-

282 3025 312 3074 to
322 3012 451 3094 homagio
465 3012 538 3075 dom¹
552 3012 685 3094 dalphini.
1415 3081 1416 3102 χ

326 3127 411 3188 1720.
429 3117 509 3186 ltenr,
522 3110 609 3192 quod.
619 3110 830 3174 instrumentum
845 3110 897 3174 sub
907 3130 981 3173 anno
992 3109 1107 3173 Nativit.
1121 3110 1176 3172 Diri
1187 3109 1332 3176 mvcccxl,

284 3223 322 3267 xv
335 3206 448 3270 kalend.
475 3207 543 3286 julii,
570 3206 707 3288 signatum
728 3227 778 3287 per
805 3208 977 3270 Lantelmum
1003 3207 1127 3270 Guenisii
1147 3207 1183 3270 de
1206 3201 1335 3272 alavardo,

284 3304 429 3367 continens
442 3304 518 3386 quod
532 3304 567 3366 ad
581 3304 743 3368 instanciam
761 3317 789 3368 et
802 3305 1007 3386 requisitionem
1024 3303 1156 3386 Stephani
1175 3299 1300 3366 Arthoudi
1309 3297 1337 3358 de

286 3402 439 3482 Rupecula,
455 3401 634 3482 stipulantis..
650 3401 686 3463 ad
701 3421 771 3482 opus
781 3402 822 3463 sui
836 3416 863 3464 et
875 3402 1012 3465 Anthonie
1026 3401 1080 3464 filie
1094 3403 1212 3465 condam
1232 3401 1276 3463 bo.
1290 3413 1335 3457 me·

283 3495 356 3558 dom¹
366 3497 497 3559 lobannis
511 3497 546 3559 de
559 3497 674 3560 Altavila
691 3498 840 3578 uxorisque
852 3498 919 3561 dicti
945 3489 1114 3580 Stephani,
1135 3499 1212 3561 dorn.
1234 3495 1338 3560 Villenus

284 3591 411 3656 dominus
424 3594 507 3656 castri
524 3595 615 3658 Sancti
626 3595 702 3657 Petri
715 3614 748 3657 ac
758 3595 942 3658 condominus
957 3596 1036 3658 vallis
1049 3595 1216 3658 blavardi...
1243 3586 1338 3654 retinuit

284 3704 335 3753 et..
353 3690 494 3755 investivit
510 3691 545 3755 de
555 3711 630 3756 omn.
640 3692 735 3769 bonis,
752 3691 835 3756 rebus
849 3713 882 3754 ac
893 3691 1008 3770 juribus,
1024 3692 1164 3769 censibus,
1181 3688 1296 3754 serviciis
1316 3697 1338 3745 et

200 3816 201 3822 κ
283 3788 414 3868 placitis..
431 3810 485 3872 que
501 3804 529 3853 et
543 3811 612 3872 quas
635 3791 732 3853 eadem
749 3789 885 3852 Anthonia
901 3789 1039 3870 percipit..
1055 3790 1203 3851 occasione
1212 3784 1294 3871 patrui
1304 3779 1337 3844 sui

287 3886 339 3948 ..in
353 3900 411 3950 tota
427 3889 498 3951 valle
514 3890 655 3966 blavardi,
671 3888 756 3950 videl.
784 3908 800 3950 a
819 3887 879 3949 rivo
902 3886 977 3950 dicto
996 3887 1031 3948 de
1054 3893 1114 3969 Bay
1133 3887 1238 3966 citra,
1251 3883 1283 3947 ad
1295 3882 1337 3942 huc

284 3981 383 4062 quod..
397 3996 538 4050 teneretur
551 3987 659 4048 solvere
686 3986 714 4046 in
741 3996 904 4065 perpetuum
930 4003 985 4046 xxx
1011 3983 1093 4046 solid.
1109 3982 1184 4047 bone
1205 3986 1338 4046 moneteet

283 4078 385 4140 veteris
398 4098 447 4142 seu
464 4082 612 4162 antique...
632 4083 667 4145 de
682 4081 784 4163 placito
799 4079 828 4141 in
842 4080 994 4172 mutatione
1007 4079 1111 4145 domini
1126 4093 1155 4144 et
1165 4078 1281 4146 vassalli.
