2936 4898
585 461 742 520 ..„-

125 574 250 637 favorem
274 574 347 636 dom¹
371 541 508 656 Guigonis
532 575 654 656 delphini
678 589 706 638 et
719 574 861 638 hominum
890 591 1002 637 suorum
1032 573 1198 656 vapincesii,

124 672 227 752 scripte
240 671 294 734 sub
305 691 379 734 anno
389 672 468 735 Dom¹
486 677 621 748 mmcd,
633 671 677 734 die
693 690 772 734 xxvu
786 671 889 736 mensis
905 671 1010 755 aprilis,
1025 670 1200 736 continentes

124 769 200 851 quod
209 769 301 832 nullus
313 769 351 832 de
363 770 495 832 comitatu
508 769 664 851 vapincesii
680 789 731 851 pro
749 769 845 834 debito
856 769 1132 846 alienootolestetur,
1149 769 1200 832 nisi

124 867 196 929 foret
205 866 396 948 principaliter
407 867 454 930 vel
467 865 624 930 accessorio
634 865 783 948 obligatus.

164 982 204 1040 74
218 971 299 1040 Item,
317 963 404 1045 quod.
416 963 628 1026 instrumentum
647 963 779 1045 scriptum
793 975 821 1026 et
834 962 971 1044 signatum
988 981 1071 1026 nonu
1094 963 1201 1024 Thome

126 1059 160 1122 de
177 1059 323 1123 Romanali
335 1060 448 1136 notarii,
471 1060 523 1123 sub
539 1079 613 1122 anno
629 1066 767 1124 Incarnat.
792 1061 1154 1137 oom02n⁰cc⁰n11¹¹1x⁰‚
1171 1067 1202 1120 v⁰

125 1156 187 1219 idus
198 1157 368 1234 decembris,
386 1157 530 1220 continens
544 1154 722 1220 donationem
737 1156 838 1220 luctam
855 1176 906 1239 per
925 1157 1001 1221 dom.
1017 1155 1203 1222 Annamdal-

125 1255 236 1335 phinam
245 1255 325 1317 dom⁰
337 1255 454 1317 Iohanni
468 1253 599 1335 dalphIno
615 1254 652 1318 de
665 1267 726 1318 toto
743 1253 921 1335 Dalphinatu.

163 1371 212 1433 75.
228 1359 309 1428 Item,
324 1351 411 1433 quod.
426 1351 566 1433 publicum
579 1351 791 1415 instrumentum
803 1351 936 1433 scriptum
948 1369 1031 1412 manu
1045 1349 1151 1413 therti
1163 1350 1199 1412 de

126 1564 187 1605 ιιιι·
203 1546 308 1608 mensis
321 1547 400 1625 junii,
422 1546 568 1610 continens
589 1547 767 1610 donationem
797 1546 898 1610 laetam
919 1566 971 1629 per
995 1546 1071 1611 dom.
1094 1553 1201 1608 Annam

127 1642 285 1723 delphinatu
298 1643 377 1705 dom⁰
392 1644 509 1706 Iohanni
527 1643 654 1726 Delphini
666 1641 703 1707 de
711 1657 771 1706 toto
784 1643 961 1726 Dalphinatu.

165 1740 215 1816 76.
230 1747 311 1816 Item,
323 1739 429 1821 quodd.
441 1740 560 1803 vidimus
571 1759 655 1821 super
664 1739 806 1822 premissis
814 1740 918 1804 lactum
928 1741 1027 1804 eodem
1037 1759 1111 1803 anno
1121 1754 1149 1803 et
1159 1740 1204 1802 die

127 1855 209 1898 manu
228 1837 377 1899 Ilumberti
392 1837 525 1921 Ayselini,
543 1852 572 1900 et
585 1852 628 1900 est
640 1837 786 1918 sigillatum
801 1838 829 1900 in
843 1838 976 1919 pendenti
988 1856 1044 1900 uno
1058 1837 1158 1918 sigillo.

166 1955 216 2014 77.
234 1941 316 2010 Item,
333 1935 420 2016 quod.
444 1935 656 1998 instrumentum
682 1934 710 1996 in
736 1935 868 2016 pendenti
887 1934 1046 2016 sigillatum,
1071 1935 1203 2016 scriptum

128 2053 209 2095 manu
223 2031 331 2094 Ioberti
351 2032 484 2109 nnselini,
504 2032 649 2095 continens
668 2032 868 2096 conventiones
895 2025 1003 2097 habitas
1032 2032 1103 2095 inter
1125 2031 1202 2094 dom.

72 2186 77 2196 .
130 2131 227 2193 ducem
247 2129 408 2211 Burgundie
422 2143 451 2192 et
465 2129 543 2193 dom.
574 2137 681 2193 Annam
707 2129 879 2210 dalphinam,
906 2143 935 2192 et
960 2129 1031 2211 e(st)
1062 2128 1204 2192 sciendum

130 2229 203 2310 quod
219 2230 312 2311 ipsum
323 2229 535 2291 instrumentum
554 2241 596 2290 est
609 2228 729 2290 vidimus
742 2227 875 2308 scriptum
900 2245 975 2290 anno
999 2228 1052 2290 nni
1081 2232 1205 2289 II⁰CCC⁰

130 2333 244 2404 xu1110,
261 2326 307 2389 die
325 2325 476 2408 penultima
492 2325 595 2388 mensis
609 2325 713 2406 aprilis.

166 2427 216 2502 78.
234 2432 316 2500 Item,
332 2419 418 2505 quod.
436 2421 555 2485 vidimus
571 2436 600 2485 et
620 2421 704 2503 qued.
718 2420 797 2484 litere
807 2419 911 2502 scripta
923 2418 976 2482 sub
991 2439 1065 2484 anno
1082 2419 1139 2503 (et)
1160 2419 1205 2484 die

130 2519 227 2600 qubus
243 2539 339 2602 supra,
357 2520 502 2582 continens
514 2519 633 2582 vidimus
644 2518 788 2598 cujusdam
805 2519 884 2582 litere
898 2519 926 2580 itt
952 2539 1007 2600 qua
1023 2519 1206 2582 mandabatur

131 2618 269 2680 nobilibus
286 2617 468 2699 Dalphinatus
483 2615 558 2698 quod
572 2615 709 2680 heberent
718 2630 805 2679 ratem
819 2615 996 2678 donationem
1012 2616 1205 2698 Delphinatus.

169 2735 217 2796 79.
237 2722 317 2790 Item,
326 2712 413 2794 quod.
434 2712 508 2774 aliud
524 2712 644 2776 vidimus
658 2713 791 2794 scripturn
815 2731 897 2774 manu
919 2712 1024 2776 luberti
1051 2727 1057 2756 ¹
1086 2713 1206 2796 Ayselini

132 2811 239 2887 notarii,
255 2810 308 2872 sub
324 2829 398 2872 anno
411 2823 439 2871 et
451 2808 496 2871 die
512 2809 613 2891 quibus
629 2828 712 2891 supra
727 2809 863 2890 proxime,
885 2810 1030 2873 continens
1045 2811 1208 2893 emancipa-

132 2908 232 2970 tionem
247 2908 349 2970 factam
364 2925 414 2988 per
427 2906 504 2969 dom.
528 2906 711 2971 Humbertum
736 2906 813 2971 dom⁰
836 2907 953 2970 Iohanni
978 2907 1125 2989 Delphino.

171 3103 218 3163 80.
239 3108 321 3177 Item,
337 3101 477 3182 quoddam
494 3099 697 3182 privilegiuma
713 3100 889 3164 serenissimo
904 3119 971 3182 rege
989 3100 1112 3162 Roberto
1129 3119 1208 3162 ema·

133 3212 223 3261 natum
238 3197 355 3278 ejusque
369 3216 470 3278 magno
493 3197 583 3278 sigillo
604 3197 632 3259 in
649 3216 713 3260 cera
725 3197 812 3260 rubea
825 3197 983 3278 sigillatum,
1006 3196 1138 3277 scriptum
1156 3197 1208 3260 sub

134 3314 203 3356 enno
218 3293 274 3355 Dr'ri
292 3298 546 3368 n⁰ccc⁰xxx11⁰,
573 3292 618 3355 die
636 3312 666 3355 ιι.
694 3292 865 3369 novembris,
887 3293 1033 3355 continens
1046 3292 1121 3373 quod
1143 3312 1209 3373 pre-

134 3390 203 3452 fatus
216 3390 294 3452 dom.
322 3409 372 3451 rex
389 3389 528 3452 concessit
557 3389 636 3451 dom⁰
664 3389 817 3452 Ilumberto
841 3389 973 3470 dalphino
1002 3389 1151 3452 Viennensi
1181 3405 1209 3454 et

134 3488 216 3550 narie
234 3485 384 3548 deBaucio
401 3485 576 3566 conjugibus,
590 3485 739 3568 nepotibus
762 3486 829 3562 suis,
847 3484 922 3568 quod
939 3485 1047 3566 possint
1063 3485 1167 3549 habere
1181 3501 1209 3550 et

133 3603 277 3646 excercere
314 3582 528 3661 juridicionem,
557 3602 662 3646 merum
697 3597 726 3646 et
756 3583 870 3646 mixtum
898 3581 1043 3663 imperium
1073 3582 1101 3644 in
1128 3583 1209 3646 terris

134 3698 279 3760 regnorum
294 3698 419 3754 suorum,
435 3679 566 3760 quamdiu
580 3680 656 3760 ipsos
671 3681 732 3742 lore
746 3679 916 3760 contingerit
928 3680 956 3742 in
971 3679 1107 3743 humanis.

173 3778 219 3840 81.
240 3786 320 3852 Item,
336 3776 423 3858 quod.
438 3777 640 3858 privilegiuma
654 3777 833 3840 serenissimo
846 3795 913 3856 rege
929 3777 1032 3839 Karolo
1055 3778 1105 3841 Dei
1121 3777 1210 3858 gratia

137 3874 303 3937 Iehrusalem
314 3887 343 3936 et
355 3873 449 3936 cicilie
463 3887 620 3936 emanetum
632 3874 746 3955 ejusque
757 3873 850 3954 sigillo
866 3872 893 3934 in
905 3873 1037 3954 pendenti
1051 3874 1209 3938 cerarubea

139 3971 295 4051 sigillatum,
311 3972 443 4052 scriptum
464 3972 516 4035 sub
540 3991 613 4035 anno
632 3972 686 4034 Diti
705 3977 957 4048 II⁰CC⁰XC⁰VIII⁰,
972 3971 1017 4034 dre
1041 3989 1086 4033 ιιιιι
1109 3973 1211 4035 mensis

181 4189 202 4228 ι.
219 4171 314 4228 Ensuite
327 4173 425 4228 Yberti.

1073 4263 1087 4306 2
