2936 4898
724 394 880 473 ..64-

265 529 398 592 annuales
420 526 612 610 percipiendas
628 545 712 607 supra
735 527 821 589 altare
837 533 923 589 Beate
949 525 1180 588 Marie'hnicien.
1200 523 1237 585 de
1260 535 1341 603 parte

267 626 331 690 dicti
344 626 420 688 dom.
437 624 611 710 episcopi,et
624 623 736 686 domum
753 622 789 685 de
804 623 950 704 Gratalops
967 641 1029 684 cum
1039 621 1145 703 capella
1156 621 1195 684 ibi
1206 619 1340 701 contigua
1453 625 1454 644 ¹

267 737 366 786 vocata
383 722 476 784 Sancti
494 719 635 785 Michaelis
648 739 712 782 curn
726 720 782 782 suis
796 719 979 801 pertinentiis,
995 732 1023 781 et
1037 738 1070 780 ea
1087 737 1141 799 que
1157 713 1299 779 habebant
1310 730 1341 778 et

266 819 302 882 ab
314 839 347 882 ea
362 819 528 882 tenebantur
543 817 571 879 in
587 815 726 880 territorio
741 811 983 878 vocaro'nossada
999 835 1062 878 cum
1079 814 1217 890 dominiis,
1233 813 1342 894 juribus
1453 825 1454 886 ζ

268 930 297 979 et
308 916 479 997 pertinentiis
491 914 559 991 suis,
573 915 647 996 quod
664 913 832 977 territorium
848 913 931 976 estin
944 913 1015 976 valle
1028 913 1177 990 Aniciensi,
1197 925 1226 974 et
1237 931 1271 974 ea
1285 931 1342 994 que

267 1012 407 1076 habebant
419 1027 447 1076 et
456 1013 492 1075 ab
505 1012 545 1074 eis
554 1011 722 1074 tenebantur
737 1011 808 1074 inira
822 1011 962 1073 civitatem
978 1009 1163 1086 hniciensem,
1181 1023 1210 1072 et
1235 1009 1342 1072 benefi·
1453 1081 1454 1084 ¹

267 1110 339 1174 cium
358 1125 386 1175 et
405 1111 447 1190 ius
463 1109 537 1193 quod
559 1109 679 1172 habebat
695 1109 723 1171 in
738 1109 863 1190 predicta
881 1108 997 1171 ecclesia
1010 1127 1061 1190 pro
1077 1107 1194 1188 pecunia
1209 1127 1293 1188 quam
1312 1107 1342 1167 in

268 1221 370 1270 aventu
385 1208 508 1288 ipsorum
518 1227 601 1288 supra
611 1206 697 1270 altare
707 1206 851 1268 inveniunt
861 1219 889 1268 et
903 1205 1029 1286 accipere
1042 1218 1158 1284 possunt
1171 1217 1200 1266 et
1212 1204 1280 1266 dare
1297 1205 1343 1266 cui
1453 1195 1454 1254 l

268 1305 376 1379 volunt,
389 1315 417 1366 et
426 1304 513 1366 eciam
524 1304 553 1366 in
562 1304 684 1366 adventu
693 1303 817 1383 ipsorum
827 1302 912 1384 recipi
926 1302 1029 1364 debent
1038 1301 1282 1382 processionaliter
1291 1320 1360 1382 per·
1453 1323 1454 1376 3

147 1467 150 1474 ,
268 1401 431 1482 episcopum
448 1415 476 1464 et
490 1401 640 1480 canonicos
664 1400 750 1481 ipsius
771 1399 899 1477 ecclesie,
918 1412 946 1460 et
967 1397 1070 1461 debent
1090 1399 1238 1479 providere
1264 1398 1345 1460 dom⁰

269 1497 399 1578 dalphino
413 1498 501 1579 prima
510 1499 555 1561 die
565 1511 594 1560 et
610 1499 637 1559 in
650 1511 733 1560 nocte
747 1498 775 1559 in
784 1497 912 1578 expensis
925 1497 954 1558 in
966 1496 1087 1558 adventu
1108 1514 1170 1572 suo,
1183 1495 1345 1576 etamplius

268 1595 381 1658 feudum
406 1595 441 1657 de
466 1595 578 1657 Landul
600 1595 674 1656 dicte
690 1593 809 1656 diocesis
825 1607 853 1656 et
872 1593 985 1655 feudum
1007 1592 1089 1655 castri
1106 1592 1141 1654 de
1156 1592 1181 1653 la
1194 1592 1293 1674 Fayia,
1315 1607 1344 1654 et
1453 1585 1454 1660 l

268 1711 320 1849 prp
332 1691 463 1773 predictis
489 1691 556 1755 fecit
576 1691 734 1772 homagium
749 1691 875 1772 predicto
903 1691 979 1755 dom.
1007 1690 1139 1772 episcopo
1154 1688 1244 1752 dictus
1264 1689 1344 1751 dorn.

289 1808 305 1848 a
316 1787 427 1868 phinus.

313 1885 377 1962 328.
398 1892 477 1960 item,
497 1884 584 1964 quod.
604 1884 815 1946 instrumentum
844 1901 894 1946 seu
908 1882 1031 1946 lieteram
1046 1883 1119 1944 doml
1141 1882 1346 1963 archiepiscopi

270 1981 474 2062 Lugdunensis,
502 1981 554 2043 sub
577 1999 650 2042 anno
676 1981 729 2043 Diri
761 1987 801 2042 Μο
821 1987 985 2057 rtcxxvtu,
1009 1979 1153 2042 continens
1175 1979 1249 2059 quod
1268 1978 1346 2040 dicto
1453 2001 1454 2058 3

270 2078 478 2159 archiepiscopo
487 2089 625 2140 tractante
634 2096 732 2158 pacem
746 2077 817 2140 inter
830 2077 1000 2138 Anhaudum
1025 2076 1061 2139 de
1079 2075 1213 2138 Rossillon
1241 2089 1270 2138 et
1284 2076 1345 2156 ejus

269 2173 353 2236 hlium
363 2174 399 2237 ab
416 2195 470 2237 una
484 2187 564 2255 parte
573 2185 601 2236 et
615 2174 761 2236 Girardum
776 2174 894 2236 condam
905 2173 989 2236 hlium
1004 2172 1101 2236 Poncii
1109 2174 1144 2234 de
1153 2172 1291 2234 Rossillon
1308 2193 1343 2234 err
1453 2203 1454 2256 j

269 2270 365 2346 altera,
377 2271 454 2332 dom.
469 2269 615 2350 dalphinus
624 2269 663 2333 ibi
673 2271 794 2332 existens
805 2271 855 2332 iuit
870 2283 1039 2353 protestatus
1049 2270 1084 2332 de
1096 2270 1154 2348 jure
1169 2269 1346 2348 quod'habe-
1453 2285 1454 2334 1

270 2365 318 2428 bat
329 2367 357 2428 in
374 2366 511 2429 Rossillon
525 2379 553 2428 et
566 2366 642 2446 quod
666 2367 778 2430 nolebat
792 2366 867 2449 quod
881 2387 914 2429 ea
929 2387 982 2449 que
1007 2366 1197 2430 tractabantur
1210 2365 1347 2428 cederent

270 2462 298 2523 in
315 2462 374 2541 ejus
390 2461 582 2542 prejudicium.

313 2576 378 2639 329.
400 2565 479 2634 Item,
495 2558 599 2639 quand.
625 2558 706 2620 aliam
721 2559 843 2622 lieteram
858 2561 978 2642 Aymarii
999 2559 1046 2623 frlii
1070 2561 1178 2623 comitis
1194 2560 1345 2634 Valentini,

271 2656 330 2736 ejus
349 2656 439 2737 sigillo
461 2656 489 2716 in
516 2656 648 2736 pendenti
663 2656 820 2737 sigillatam,
848 2658 900 2720 sub
916 2678 989 2720 anno
1012 2658 1066 2720 Diri
1089 2665 1268 2732 M⁰ll⁰XLV⁰,
1293 2673 1349 2720 utu
1453 2647 1454 2672 ¹

271 2752 384 2814 kalend.
402 2751 535 2828 octobris,
547 2751 732 2814 continentem
749 2752 824 2833 quod
838 2754 928 2816 dictus
942 2762 1077 2837 hymarus
1091 2754 1217 2835 promisit
1228 2767 1257 2815 et
1275 2754 1350 2832 jura·
1453 2761 1454 2830 j

272 2849 312 2910 vit
327 2868 410 2929 supra
425 2861 520 2911 sancta
533 2848 583 2910 Dei
597 2849 746 2936 Evangelia
761 2851 858 2930 juvare
874 2852 951 2914 dom.
965 2852 1119 2932 Guigonem
1137 2851 1296 2932 dalphinum
1313 2852 1350 2942 de
1453 2927 1454 2930 ¹

181 3029 183 3040 Ι
272 2965 321 3008 sua
338 2964 438 3026 guerra
453 2959 549 3008 contra
565 2946 808 3023 omneshomines,
820 2948 896 3029 quod
909 2948 961 3010 nisi
972 2948 1259 3011 laceretconcedebat
1271 2948 1350 3030 quod
1453 2975 1454 2980 ¹

272 3042 364 3106 omnia
376 3042 459 3105 feuda
476 3063 529 3124 que
542 3043 655 3106 tenebat
669 3044 705 3106 ab
720 3045 819 3106 eodem
833 3045 909 3107 dom.
929 3044 1059 3126 delphino
1076 3057 1170 3108 essent
1181 3045 1312 3107 comissa.

315 3159 381 3219 330.
396 3147 475 3215 Item,
488 3141 572 3221 qued.
591 3141 681 3203 littera
693 3141 722 3202 in
736 3141 868 3222 pendenti
883 3141 1010 3222 sigillata,
1027 3143 1129 3224 scripta
1139 3142 1190 3204 sub
1203 3161 1278 3203 anno
1294 3143 1350 3203 Dr'ri
1453 3191 1454 3212 ,

274 3240 356 3299 tullic
370 3246 465 3318 octag⁰
475 3237 685 3318 V11⁰,invigilia
699 3237 856 3300 Natiuitatis
873 3239 993 3316 Domini,
1006 3240 1150 3302 continens
1159 3239 1234 3320 qood
1250 3239 1351 3300 Drodo

272 3334 400 3396 dominus
416 3333 451 3396 de
469 3333 546 3397 Bello
570 3333 671 3395 Videre
687 3334 837 3396 mandabat
858 3334 1015 3397 hominibus
1043 3355 1113 3417 quos
1128 3334 1247 3398 habebat
1274 3335 1349 3416 apud

272 3431 428 3506 Cabiolum,
445 3443 475 3492 ut
488 3431 612 3493 facerent
622 3431 779 3512 homagium
791 3431 869 3492 dom⁰
881 3432 1035 3494 Humberto
1051 3432 1192 3513 dalphino.

315 3546 347 3606 33
357 3546 381 3589 1.
401 3534 480 3602 item,
503 3546 587 3588 unum
603 3525 875 3607 vidimuscujusdam
890 3528 978 3592 littere
992 3528 1066 3590 dom¹
1077 3529 1210 3610 Guigonis
1225 3528 1350 3609 dalphini
1453 3513 1454 3596 l

272 3623 374 3685 lactum
408 3622 539 3684 mandato
570 3621 693 3684 officialis
723 3624 934 3705 Gracionopolis
951 3637 972 3701 ¹,
1005 3625 1149 3688 continens
1178 3626 1258 3706 quod,
1274 3625 1351 3687 exis-
1453 3625 1454 3630 ’

271 3735 347 3784 tente
360 3721 438 3781 dom⁰
453 3721 574 3802 Sylvone
604 3722 639 3784 de
663 3722 807 3804 Clayriaco
826 3725 855 3785 in
880 3743 1004 3798 carcere,
1020 3724 1093 3786 idem
1109 3726 1184 3786 dom.
1202 3725 1351 3806 delphinus
1453 3763 1454 3792 r

273 3816 565 3879 comissitcustodia‘m
582 3819 664 3880 castri
679 3821 783 3900 Ruppis
798 3820 833 3882 de
856 3821 944 3903 Cluey
966 3821 1111 3883 Guillelrno
1132 3821 1167 3882 de
1190 3823 1349 3899 Rossilone,
1453 3849 1454 3886 ;

273 3915 320 3997 qui
332 3914 459 3995 promisit
468 3914 557 3976 eidem
568 3915 645 3978 dorn.
664 3916 795 3997 dalphino
811 3917 901 3998 ipsum
929 3931 1049 3980 castrum
1066 3918 1117 3998 ipsi
1132 3917 1208 3980 dom.
1236 3920 1351 4001 Sylvoni
1453 3919 1454 3988 l

316 4135 336 4172 1.
352 4115 458 4171 D'abord
472 4115 574 4171 Vienne.
597 4093 603 4105 .
698 4141 699 4144 ¹
