2842 4900
728 461 904 539 -236-

278 591 399 676 nymarii
414 591 571 656 Lumbercii
587 612 622 656 ex
637 592 734 670 altera,
749 593 896 657 continens
910 594 1011 658 multas
1020 587 1272 676 pronunciationes,
1282 611 1341 656 con-

278 690 402 754 diciones
417 701 446 752 et
457 703 539 771 pacta
556 690 584 752 in
596 689 694 754 eodem
704 703 847 754 contenta.

322 803 406 865 ¹3²3·
421 791 501 863 item,
517 785 602 869 qued.
618 787 696 850 litera
706 787 824 870 sigillata
837 787 864 850 in
879 775 1011 870 pendenti
1025 807 1082 852 uno
1096 787 1198 871 sigillo,
1215 787 1264 850 sub
1279 807 1341 849 anno

280 883 335 946 oni
351 889 553 960 M⁰CC⁰th1⁰,
564 883 610 947 die
625 885 754 948 mercurii
768 899 842 968 post.
855 885 1063 967 apparitionem
1075 886 1198 964 Domini,
1212 885 1342 949 continens

278 980 354 1062 quod
365 988 523 1062 Rostagnus
538 980 574 1044 de
590 981 677 1058 Saltu,
693 981 765 1046 iilius
780 983 853 1046 dom¹
869 981 1058 1045 Bartholomei
1071 982 1107 1047 de
1122 983 1210 1059 Saltu,
1230 981 1342 1044 dominus

217 1119 221 1128 -
279 1077 316 1140 de
333 1076 517 1157 Budanumel,
534 1097 586 1161 pro
610 1098 640 1141 se
662 1093 690 1142 et
705 1080 761 1142 suis
778 1080 903 1162 promisit
923 1080 1001 1143 dom⁰
1018 1079 1138 1162 Guigoni
1154 1079 1272 1161 dalphini
1292 1097 1342 1141 esse

278 1172 368 1236 fidelis
381 1188 527 1256 perpetuo,
546 1176 605 1256 ejus
622 1175 756 1239 honorem
771 1190 800 1241 et
816 1176 965 1240 comodum
978 1195 1129 1260 procurare
1141 1190 1169 1240 et
1177 1177 1278 1240 inutilia
1287 1194 1342 1257 pre·
1400 1254 1401 1258 Ἰ

278 1267 443 1334 termittere.
1201 1295 1205 1304 ·
1400 1271 1401 1288 ¹

272 1351 276 1366 ⁸
324 1384 409 1446 ¹324·
428 1373 507 1445 Item,
529 1368 582 1431 tria
607 1369 686 1451 publ.
710 1370 892 1434 instrumenta
916 1371 1043 1434 confecta
1067 1389 1150 1434 manu
1173 1368 1341 1432 Bartholomei

279 1463 398 1527 ariberti
415 1464 514 1528 notarii
526 1466 618 1547 publ,
637 1487 755 1550 quorum
770 1469 888 1549 primum
903 1469 1060 1532 confectum
1079 1483 1122 1532 est
1145 1467 1197 1530 sub
1220 1466 1341 1529 annoDii

281 1551 621 1638 M⁰CC⁰V11⁰,vr⁰nonas
648 1564 743 1627 marcii
764 1579 792 1628 et
818 1565 941 1628 continet
961 1565 1036 1648 quod
1054 1571 1154 1628 Petrus
1170 1566 1207 1628 de
1226 1564 1340 1628 Urbamo

280 1656 359 1720 miles
373 1670 401 1720 et
414 1664 514 1721 Petrus
529 1672 558 1722 et
574 1660 742 1724 Durbannus
755 1661 905 1740 domicelli,
921 1676 1039 1745 nepotes
1048 1663 1146 1744 ipsius,
1164 1663 1241 1726 saluo
1255 1663 1342 1743 jureet

280 1752 403 1816 dominio
416 1753 516 1818 nobilis
537 1755 618 1818 dome
638 1757 668 1818 d.
692 1759 828 1822 Randone
853 1759 955 1822 Montis
973 1759 1071 1822 Albani
1093 1759 1216 1837 domine,
1242 1758 1343 1822 confessi

279 1849 392 1915 fuerunt
406 1870 438 1914 se
449 1863 544 1916 tenere
560 1853 588 1916 in
603 1855 717 1918 feudum
732 1877 748 1918 a
761 1857 879 1920 dominis
897 1857 1000 1920 Montis
1016 1857 1131 1933 Albani,
1145 1857 1197 1920 sub
1208 1870 1280 1920 certa
1295 1856 1343 1917 ior-

281 1969 326 2012 ma
339 1951 368 2014 in
382 1950 458 2014 dicto
472 1951 563 2015 instr²⁰
573 1967 716 2031 contenta,
732 1955 862 2037 quioquid
880 1955 932 2036 ipsi
946 1953 1049 2017 habent
1069 1968 1098 2017 et
1108 1967 1206 2018 tenent
1219 1954 1246 2016 in
1267 1966 1344 2016 castro

282 2048 318 2110 de
349 2049 439 2112 Podio
474 2056 604 2132 Hugone,
623 2051 775 2115 vasionen.
794 2052 924 2129 diocesis,
951 2066 979 2115 et
1001 2052 1067 2116 inde
1089 2052 1180 2116 eidem
1203 2050 1342 2132 homagium

282 2146 471 2228 prestiterunt.
493 2181 532 2194 -
552 2157 685 2230 ¹32t·1t·
705 2150 779 2212 aliud
789 2149 948 2214 conlectum
957 2161 999 2212 est
1007 2169 1080 2213 anno
1088 2150 1343 2232 predicto,v⁰nonas

281 2243 378 2306 marcii
391 2257 420 2306 et
430 2244 555 2308 continet
569 2247 644 2329 quod
661 2253 743 2328 Hugo
758 2248 794 2310 de
816 2246 955 2324 vairiaco,
974 2247 1102 2310 dominus
1128 2247 1218 2310 Castri
1238 2244 1302 2308 Novi
1314 2243 1342 2304 de

283 2342 416 2419 Bordeta,
428 2343 573 2406 confessus
598 2345 649 2408 fuit
676 2364 707 2408 se
720 2357 816 2408 tenere
844 2365 861 2408 a
882 2345 995 2408 domino
1013 2344 1115 2408 Montis
1132 2343 1229 2406 Albani
1240 2356 1342 2406 castrum

283 2440 401 2523 predict.
418 2440 574 2504 castrinovi
585 2442 621 2504 de
635 2443 767 2520 Burdeta,
788 2462 852 2505 cum
870 2442 1067 2505 mandamento
1081 2455 1109 2505 et
1126 2441 1263 2506 territorio
1282 2441 1342 2520 ejus-
1401 2476 1402 2510 ,

284 2538 371 2617 dem3
388 2571 425 2584 -
448 2540 531 2616 1326.
549 2541 673 2603 Tertium
688 2560 759 2603 uero
774 2533 931 2604 confectum
951 2553 1049 2604 estan.
1068 2553 1095 2604 et
1110 2540 1155 2603 die
1169 2536 1343 2622 proximedic·
1401 2537 1402 2620 ζ

283 2635 319 2698 tis
335 2635 584 2719 etcontinetquod
600 2638 676 2702 dom.
696 2639 878 2722 Raymundus
897 2639 932 2700 de
957 2638 1089 2714 Rastello,
1119 2637 1247 2700 dominus
1273 2631 1343 2714 Rupis

285 2731 383 2808 Blave,
401 2733 547 2796 confessus
558 2735 609 2798 luit
622 2753 652 2797 se
668 2749 791 2800 tenerea
808 2737 921 2799 domino
933 2734 1128 2798 Montisalbani
1143 2748 1261 2798 castrum
1273 2730 1343 2812 Rupis
1401 2749 1402 2758 ¹

285 2828 383 2904 Blave,
394 2847 457 2892 cum
470 2831 667 2895 mandamento
676 2847 705 2897 et
718 2835 858 2898 territorio
873 2818 1008 2914 ejusdem,
1021 2846 1050 2897 et
1064 2847 1185 2896 castrum
1199 2833 1234 2896 de
1250 2827 1344 2894 Bastida

284 2926 320 2989 de
335 2925 433 3002 Ruifis,
449 2927 630 2992 Sistarionen.
647 2929 776 3006 diocesis,
789 2943 817 2994 et
831 2930 999 2993 territorium
1016 2943 1045 2994 et
1056 2931 1276 2993 mandamentum
1285 2927 1342 3007 ejus,

284 3023 441 3088 etterciam
462 3039 569 3107 partem
595 3027 678 3090 castri
705 3027 741 3090 de
757 3027 927 3090 Monteolivo
943 3041 971 3090 et
987 3041 1114 3091 octavam
1128 3042 1235 3109 partem
1249 3021 1343 3088 domitii

284 3119 364 3184 vallis
377 3124 481 3186 Montis
496 3124 578 3202 olivi,
595 3139 624 3188 et
637 3126 703 3188 inde
716 3127 783 3188 fecit
793 3125 951 3208 homagium
961 3125 1051 3188 eidem
1065 3125 1189 3190 domino.

331 3236 417 3298 ¹3²7·
432 3227 511 3299 Item,
529 3223 614 3304 quod.
634 3223 712 3305 publ.
726 3225 938 3288 instrumentum
951 3223 1107 3286 coniectum
1123 3243 1206 3287 manu
1221 3229 1345 3304 Raymun·

287 3314 315 3377 di
331 3315 367 3378 de
384 3323 487 3382 Sancto
510 3320 632 3397 andrea,
660 3321 712 3384 sub
738 3341 812 3385 auno
837 3321 925 3384 Diuico
954 3328 1063 3383 lncam.
1082 3323 1243 3397 M⁰1110v10,
1258 3318 1298 3379 die
1312 3333 1345 3374 rua

287 3416 389 3478 mensis
404 3417 538 3496 octobris,
556 3419 700 3482 continens
721 3434 749 3482 et
764 3421 868 3483 iaciens
893 3419 1066 3482 mencionem
1090 3417 1237 3500 quarumd.
1255 3427 1347 3478 contro

284 3512 436 3576 versiarum
451 3515 555 3578 dudum
579 3517 772 3596 ventilatarum
798 3518 870 3580 inter
884 3515 1078 3601 Raymundum
1093 3515 1129 3578 de
1145 3513 1305 3578 Medullione
1327 3517 1349 3566 et

285 3611 362 3674 dom.
377 3612 567 3695 Galburgiam,
584 3613 723 3676 dominam
738 3615 850 3689 Ysonis,
866 3615 968 3696 eteius
984 3613 1073 3676 virum
1089 3631 1124 3674 ex
1138 3612 1225 3675 altera
1240 3609 1289 3689 ,in
1303 3619 1348 3685 quo

285 3707 375 3772 instr¹⁰
387 3709 418 3772 fit
434 3711 542 3773 mencio
561 3711 635 3792 quod
653 3711 851 3794 Raymbaudus
867 3711 902 3774 de
929 3711 1043 3774 chalma
1061 3721 1157 3773 teneat
1181 3726 1232 3789 pro
1254 3700 1348 3766 domino

286 3807 462 3888 Medullionis
492 3821 613 3870 castrum
638 3808 674 3870 de
698 3815 826 3884 Pometo,
854 3821 975 3872 castrum
999 3807 1035 3870 de
1051 3805 1160 3884 Arzilis,
1188 3816 1300 3868 castrum
1320 3795 1348 3855 de

286 3904 419 3981 Celeone,
446 3917 566 3968 castrum
583 3905 619 3968 de
635 3914 729 3968 Ysone
743 3919 771 3968 et
789 3905 922 3987 quidquid
940 3903 1087 3976 habentia
1114 3909 1213 3965 Castro
1237 3906 1308 3962 Novo
1319 3891 1347 3952 de

287 4006 389 4081 Capra,
401 4000 437 4064 de
447 4008 543 4066 Monte
553 4003 671 4085 Ayglino
688 4015 716 4065 et
732 4003 767 4066 de
784 4001 960 4086 Aygueanis3
976 4002 1004 4064 in
1021 4021 1077 4084 quo
1089 4000 1170 4064 instr.
1191 3996 1345 4093 continentur

273 4099 375 4162 multe
384 4100 438 4162 alie
451 4100 653 4165 declarationes
667 4115 695 4165 et
709 4115 791 4184 pacta
812 4102 939 4184 quesere
953 4115 1018 4164 sunt
1031 4100 1118 4164 utilia.

246 4247 253 4255 .
333 4198 418 4277 1328.
434 4205 514 4276 ltem,
532 4200 618 4281 quod.
632 4201 843 4264 instrumentum
856 4199 1013 4264 conlectum
1027 4217 1110 4261 manu
1125 4193 1257 4262 Guillelmi
1271 4186 1344 4252 nude
