2842 4900
608 408 613 417 ι
717 460 895 524 -188-

268 588 334 670 quid
348 589 470 654 habebat
491 603 520 654 et
544 589 660 654 tenebat
681 604 710 656 et
731 589 894 674 possidebat
923 610 974 673 per
1000 610 1030 654 se
1045 591 1090 654 vel
1109 610 1161 673 per
1173 591 1253 654 alium
1266 590 1330 654 don.

269 687 410 751 Martinus·
418 688 454 751 de
466 687 549 752 vireu
563 688 591 750 in
612 688 676 752 uilla
690 689 726 753 de
747 695 837 752 Turre
849 701 880 751 et
894 687 923 751 in
937 687 1133 754 mandamento
1157 687 1242 770 ipsius
1252 689 1332 765 castri,

268 805 303 848 eo
309 799 436 866 tempore
448 806 504 869 quo
518 785 579 870 ipse
593 786 669 850 doro.
689 787 824 852 htartinus
835 786 1018 870 recognovit;
1032 786 1099 851 item
1108 801 1234 869 quartam
1241 801 1332 870 partem

269 887 305 952 de
330 882 426 960 vireu,
448 883 514 946 item
532 883 657 967 quitquid
683 885 779 963 habet,
806 897 883 948 tenet
902 885 946 948 vel
973 884 1098 966 possidet
1120 897 1149 946 et
1169 883 1254 948 eciam
1269 885 1333 948 dom

269 979 434 1062 Belengeria
452 993 542 1044 mater
556 1001 606 1045 sua
625 981 701 1062 juxta
716 981 879 1046 lescheriam
894 996 1002 1065 aparte
1014 981 1153 1059 Crimiaci‚
1166 997 1194 1047 et
1210 983 1282 1064 plura
1290 983 1333 1045 alia

163 1089 165 1092 ⁴
266 1077 296 1141 in
319 1077 395 1140 dicto
417 1077 509 1140 instrto
529 1092 660 1143 contenta
682 1091 702 1142 ¹.
727 1115 767 1128 -
797 1081 881 1159 1064.
913 1086 993 1157 Item,
1018 1078 1105 1161 quod.
1135 1079 1332 1142 instrumentum

267 1174 345 1258 publ.
358 1174 490 1262 scriptum
500 1194 584 1238 manu
594 1175 710 1258 predicti
722 1175 833 1252 notarii,
848 1175 901 1240 sub
917 1195 991 1238 anno
1005 1175 1060 1240 Diri
1074 1181 1330 1251 M⁰CC0LXX⁰V11⁰,

268 1272 349 1336 indit.
361 1284 417 1350 vu,
429 1272 474 1335 die
484 1272 614 1336 mercurii
623 1287 687 1354 post
696 1273 796 1336 festum
811 1272 969 1336 Natiuitatis
981 1273 1102 1350 Domini,
1118 1273 1260 1336 continens
1270 1272 1331 1354 quod

268 1368 368 1432 nobilis
382 1369 489 1446 Drodo,
502 1369 631 1433 dominus
640 1370 676 1434 de
694 1369 772 1434 Bello
788 1369 901 1447 Videre,
915 1369 988 1434 tilius
995 1370 1114 1433 condam
1128 1370 1203 1433 dont
1213 1369 1331 1432 Guillelni

248 1467 304 1538 ,de
332 1465 518 1543 Bellonidere,
537 1467 657 1550 prestitit
670 1467 828 1550 homagium
845 1467 940 1550 ligium
957 1467 1035 1530 dom⁰
1045 1480 1142 1530 nostro
1164 1466 1288 1549 dalphino
1306 1479 1328 1528 et

268 1562 496 1646 recognicionern
517 1565 678 1646 per-ipsum
702 1565 803 1628 laetam
829 1565 919 1628 eidem
943 1564 1020 1628 dom.
1048 1563 1179 1647 dalphino
1203 1564 1279 1628 castri
1303 1561 1331 1623 de

270 1661 347 1725 Bello
364 1660 477 1738 Videre,
493 1661 586 1744 burgi,
605 1662 804 1738 mandamenti,
824 1661 971 1739 territorii,
985 1659 1111 1739 dominii,
1137 1661 1242 1744 gardis,
1257 1659 1332 1724 leudis
1401 1671 1402 1702 l

268 1773 297 1825 et
307 1759 423 1822 aliorum
438 1772 633 1822 contentorum
649 1758 763 1822 indicto
776 1759 867 1823 instr²⁰
882 1779 890 1821 :
911 1778 966 1842 que
978 1759 1161 1824 instrumenta
1171 1758 1249 1823 simul
1258 1756 1332 1839 posita
1401 1753 1402 1832 ζ

268 1871 332 1921 sunt
343 1857 371 1920 in
384 1858 505 1941 quadarn
519 1858 603 1939 pelle.

312 1959 396 2038 1065.
412 1963 492 2030 ltem,
504 1955 541 2018 al.
556 1955 769 2018 instrumentum
786 1953 865 2036 publ.
883 1955 1017 2037 scriptum
1032 1975 1115 2018 manu
1128 1955 1204 2019 Petri
1217 1954 1250 2017 de
1265 1961 1332 2035 htay-

267 2051 453 2116 riaconotarii
463 2051 541 2136 publ.
557 2053 609 2116 sub
622 2071 696 2116 anno
714 2052 767 2115 Dr‘ri
779 2059 1050 2130 M0CCC⁰XXXIX⁰,
1065 2054 1150 2116 indic.
1169 2068 1233 2130 unt,
1246 2053 1331 2114 dierura

184 2187 186 2191 ·
268 2150 371 2214 mensis
384 2151 463 2232 junii,
479 2151 625 2215 continens
650 2151 725 2234 quod
747 2151 825 2214 dom.
845 2151 1056 2214 Bartholomeus
1077 2151 1235 2214 Athenoudi
1256 2149 1330 2223 miles,
1401 2159 1402 2238 3

268 2249 409 2312 lohannes
425 2248 576 2327 Richermi,
595 2248 743 2312 Berthetus
757 2248 880 2331 Cheyns,
902 2247 1059 2329 Stephanus
1077 2248 1227 2325 Richermi,
1243 2255 1331 2310 Perru-
1401 2285 1402 2336 1

268 2361 350 2410 netus
363 2347 398 2410 de
415 2346 572 2424 Chucheto,
594 2347 685 2428 Guigo
712 2347 749 2409 de
767 2345 923 2418 Chucheto,
945 2346 1092 2410 Arnaudus
1105 2347 1143 2408 de
1162 2345 1289 2428 vigniaco
1311 2355 1333 2406 et
1401 2397 1402 2434 ,

270 2443 477 2508 Peronetusde
497 2443 621 2507 Cucheto
635 2443 815 2526 prestitemnt
826 2442 985 2525 homagium
998 2442 1077 2506 dom⁰
1091 2443 1214 2507 lacelmo
1227 2439 1329 2516 ciriaci,

268 2541 296 2604 in
310 2541 418 2624 legibus
432 2540 588 2618 licenciato,
603 2541 777 2623 procuratori
786 2554 860 2604 terre
870 2540 978 2618 ¹Turris,
990 2540 1135 2625 recipienti
1153 2536 1330 2605 nominedom¹
1401 2593 1402 2630 3

269 2640 357 2702 nostri
371 2638 493 2720 dalphini
516 2637 692 2702 Viennensis.

314 2735 399 2799 1066.
435 2742 514 2812 ltem,
545 2734 601 2798 duo
637 2735 716 2818 publ.
751 2735 934 2800 instrumenta
959 2736 988 2799 in
1017 2733 1115 2799 eadem
1141 2735 1214 2818 pelle
1243 2733 1331 2813 scripta
1401 2689 1402 2726 ἱ

270 2853 353 2896 manu
366 2833 470 2896 alberti
484 2833 519 2896 de
533 2833 644 2917 Brayda
666 2833 767 2897 notarii
795 2833 874 2916 publ.
889 2833 942 2896 sub
958 2852 1031 2896 anno
1049 2832 1103 2894 Diri
1132 2836 1329 2903 M⁰CC⁰XC⁰V⁰‚
1401 2879 1402 2928 t

147 2951 150 2955 ·
269 2931 339 2996 silic.
365 2931 410 2994 die
427 2931 567 3014 quindena
577 2933 765 3014 apostolorum
783 2932 859 2996 Petri
867 2945 895 2994 et
909 2931 999 3009 Pauli,
1016 2950 1137 3024 quorum,
1148 2931 1263 3012 primunr
1275 2945 1330 2991 con·

270 3030 341 3095 tinet
352 3029 428 3113 quod
443 3036 615 3114 Aymonetus
634 3044 663 3094 et
678 3038 778 3094 Petrus
791 3031 827 3094 de
842 3029 1069 3093 Monteferrando
1094 3029 1206 3108 iratres,
1219 3028 1263 3092 filii
1275 3045 1332 3090 con·
1401 3043 1402 3066 ¹

271 3131 335 3193 dam
351 3128 431 3208 Petri
438 3128 474 3191 de
488 3128 714 3193 Monteferrando
734 3127 884 3205 domicelli,
897 3127 1016 3190 confessi
1029 3127 1142 3191 luerunt
1155 3147 1186 3191 se
1197 3142 1285 3192 tenere
1303 3122 1331 3185 ab

270 3227 306 3290 ill¹
322 3227 448 3310 principe
462 3226 541 3289 dom⁰
556 3237 651 3290 nostro
664 3225 693 3288 d.
718 3225 874 3288 Humberto
902 3225 1031 3308 dalphino
1058 3225 1220 3304 Viennensi,
1236 3222 1330 3286 domino

271 3325 307 3388 de
321 3332 420 3402 Turre,
435 3324 563 3408 quidquit
576 3322 690 3402 habent,
707 3335 803 3387 tenent
817 3337 846 3386 et
858 3322 1002 3404 possident
1014 3321 1059 3386 vel
1072 3322 1152 3406 quasi
1167 3323 1196 3385 in
1206 3317 1331 3404 parrochia

271 3422 307 3486 de
316 3422 426 3486 Cliseuz
442 3435 471 3486 et
486 3422 514 3484 in
530 3421 675 3484 territorio.
687 3421 810 3503 ejusdem
830 3420 894 3483 ville
909 3420 944 3482 de
960 3421 1044 3484 feudo
1058 3435 1087 3484 et
1100 3420 1222 3484 dominio
1247 3413 1331 3500 prelati

271 3520 348 3582 dom.
366 3518 500 3602 dalphini,
516 3533 543 3582 et
557 3538 609 3601 pro
621 3517 753 3600 predictis
765 3516 894 3598 homagia
907 3516 971 3597 ligia
985 3516 1063 3578 dom⁰
1078 3517 1210 3598 dalphino
1225 3515 1333 3578 lecerunt

272 3629 300 3678 et
312 3615 402 3680 dictus
416 3617 492 3679 dom.
515 3615 663 3698 delphinus
675 3615 796 3677 debebat
807 3613 912 3678 eisdem
922 3625 1045 3677 ascetare
1055 3620 1077 3675 C
1089 3613 1171 3677 solid.
1188 3613 1216 3676 in
1232 3605 1332 3674 redditi-

271 3716 325 3778 bus
339 3728 421 3797 prout
434 3714 462 3776 in
479 3713 554 3777 dicto
577 3714 670 3777 instr¹⁰
683 3713 840 3777 continetur
857 3732 866 3791 ;
884 3745 922 3758 -
942 3710 1028 3792 1067.
1060 3713 1217 3776 Secundum
1241 3719 1331 3773 vero..‘.
1401 3745 1402 3748 =

273 3814 397 3878 continet
409 3814 568 3895 homagium
581 3813 726 3896 prestitum
744 3812 986 3894 perJohannetum
998 3813 1034 3876 de
1053 3811 1094 3876 les
1119 3812 1243 3877 Escloses
1255 3803 1333 3870 domi·

274 3911 384 3975 cellum.
423 3951 426 3958 «
1326 3994 1330 4006 Ι

289 4019 290 4024 ’
319 4007 403 4070 1068.
417 4013 496 4083 ltern,
514 4008 600 4090 quod.
620 4007 832 4071 instrumentum
848 4006 981 4088 scriptum
998 4027 1083 4072 manu
1098 4006 1182 4088 Guig.
1210 4009 1332 4068 Frumentr

316 4229 337 4268 r.
353 4211 391 4266 En
406 4229 439 4267 m.
455 4208 512 4267 Fiat
526 4208 667 4268 iulornratio
681 4212 712 4269 de
726 4209 843 4286 predictis
853 4220 879 4269 et
892 4208 934 4286 qui
948 4218 1015 4268 tenet
1028 4226 1066 4267 ea.
1155 4219 1158 4224 ’
