2844 4900
95 558 133 622 die
143 578 226 623 xxviii
236 563 340 626 mensis
357 564 434 644 junii,
450 564 597 627 continens
628 578 754 626 tenorem
765 564 908 644 eujusdam
920 565 1009 629 littere
1026 585 1159 630 concesse

93 675 136 736 per
147 658 217 721 dom.
245 660 430 724 Humbertum
456 661 616 743 dalphinum
642 661 826 725 Viennensem
854 662 934 724 dom⁰
957 663 1100 725 Guiiiredo
1124 664 1159 726 de

93 753 212 838 Cheyney
228 756 318 833 militi,
334 757 476 840 inquibus
492 759 651 821 continetur
660 758 813 840 assignatio
830 765 852 820 C
874 758 1005 822 librarum
1019 759 1070 823 sibi
1086 759 1159 822 faeta

91 849 115 912 in
133 851 243 916 baronia
257 855 293 917 de
308 855 412 933 Portis,
431 856 578 923 continens
592 856 680 918 eciam
696 856 854 937 homagium
864 857 959 939 ligium
973 857 1063 920 eidem
1080 858 1157 920 dom.

92 947 208 1030 dalphino
217 951 364 1032 prestitum
377 972 428 1033 per
442 954 546 1016 dietum
563 952 639 1014 dom.
658 951 840 1015 Guiffredum.

123 1062 157 1124 47
162 1065 185 1124 3.
204 1054 286 1123 Item,
306 1050 391 1131 qued.
406 1050 501 1112 lietera
510 1049 539 1112 in
553 1047 685 1128 pendenti
700 1048 829 1129 sigillata,
839 1049 985 1112 continens
999 1049 1158 1131 homagium

90 1139 171 1222 ligium
183 1145 328 1224 prestitum
346 1146 425 1208 dom⁰
438 1145 569 1227 dalphino
582 1164 633 1226 per
644 1144 721 1208 dom.
734 1147 914 1229 Eytheyrium
929 1147 1018 1230 Raybi
1032 1147 1156 1226 militem,

90 1258 132 1318 pro
144 1259 195 1321 quo
204 1243 338 1324 homagio
353 1243 444 1306 dietus
460 1243 537 1304 dom.
556 1241 704 1323 delphinus
720 1242 797 1306 dedit
811 1243 902 1308 eidem
919 1243 995 1308 militi
1004 1265 1061 1308 xxv
1074 1245 1159 1310 libras

88 1338 204 1401 annuales
217 1359 306 1420 super
320 1340 440 1422 pedagio
456 1339 563 1402 Servis.

121 1451 183 1514 474.
216 1443 299 1514 Item,
327 1437 413 1518 quod.
437 1437 515 1518 publ.
543 1437 755 1498 instrumentum
785 1436 944 1500 confectum
968 1457 1051 1500 manu
1083 1438 1158 1500 Petri

90 1531 240 1612 llonteigno
256 1534 357 1596 notarii
373 1534 426 1597 sub
442 1554 516 1596 anno
545 1533 598 1595 Diri
622 1535 815 1609 1101110111110,
832 1532 878 1595 die
895 1547 938 1594 um
962 1535 1065 1597 mensis
1081 1549 1159 1598 octo

89 1623 146 1703 bris,
158 1631 304 1694 continens
319 1633 394 1715 quod
411 1633 531 1694 lacobus
543 1632 672 1694 dominus
687 1631 799 1694 Jarresii
818 1645 847 1694 et
870 1633 982 1696 Beatrix
1005 1635 1065 1714 ejus
1088 1654 1159 1697 uxor

89 1723 191 1788 confessi
210 1728 326 1790 inerunt
342 1729 445 1792 debere
461 1729 539 1790 dom⁰
554 1727 672 1791 iohanni
689 1727 820 1810 dalphino
841 1747 877 1791 err
893 1749 977 1794 causa
991 1731 1078 1794 mutui
1106 1734 1158 1794 Vlc

89 1825 269 1902 xxv-lorenos
290 1827 361 1888 auri.

119 1937 182 2002 475.
203 1930 286 1998 ltem,
318 1922 403 2003 qued.
419 1922 498 1984 litere
510 1921 539 1982 in
565 1921 697 2003 pendenti
721 1921 838 2002 sigillare
853 1921 963 1986 duobus
978 1923 1084 2006 sigillis,
1105 1924 1157 1988 sub

90 2035 150 2080 anno
160 2022 243 2080 11011c
259 2025 376 2094 XC⁰110,
394 2018 439 2080 die
454 2017 549 2080 martis
574 2019 602 2080 in
627 2017 733 2080 octabis
755 2019 818 2081 lesti
847 2019 873 2080 b¹
902 2020 1012 2082 Martini
1028 2021 1154 2104 yemalis,

89 2115 247 2179 continentes
266 2115 344 2198 quod
359 2115 444 2178 irater
475 2122 565 2198 Aymo
580 2115 711 2196 magister
742 2114 892 2195 Hospitalis
917 2117 1011 2179 Sancti
1026 2118 1157 2184 Anthonii

89 2213 217 2277 consessus
227 2215 282 2277 fuit
292 2213 406 2277 domurir
422 2215 565 2296 hospitalis
585 2213 728 2296 Burgondi
741 2213 792 2277 sibi
809 2212 885 2276 dieto
900 2215 1012 2278 nomine
1026 2217 1156 2280 traditam

88 2306 137 2372 lore
149 2330 197 2392 per
205 2312 287 2374 dom.
303 2319 409 2374 Annam
424 2311 594 2392 dalphinum,
619 2330 679 2391 pro·
686 2329 742 2372 xxv
759 2309 835 2372 libris
854 2309 1055 2374 redditualibus
1085 2312 1157 2375 datis
1253 2309 1258 2328 '

89 2405 150 2470 dieto
164 2409 294 2492 hospitali
308 2428 360 2491 per
373 2408 526 2471 iohannem
540 2407 712 2488 dalphinum,
726 2408 839 2470 barrem
855 2406 928 2470 dicte
945 2407 1024 2470 dome
1036 2415 1126 2472 Anne.

120 2506 183 2584 476.
200 2515 283 2584 ltem‚
299 2506 384 2588 qued.
397 2505 493 2568 lietera
506 2504 596 2568 tribus
610 2504 706 2585 sigillis
717 2503 744 2566 in
764 2504 897 2584 pendenti
911 2503 1039 2585 sigillata,
1054 2507 1156 2588 scripta

89 2602 130 2664 sub
140 2623 209 2666 anno
227 2605 284 2666 Diri
301 2611 406 2666 M⁰Cco
420 2617 535 2684 octuago
551 2607 613 2678 111⁰,
641 2601 787 2664 continens
815 2601 957 2683 quoddam
970 2591 1157 2684 compromis-

89 2717 137 2761 sum
153 2702 255 2765 laetum
270 2701 418 2765 interillem
431 2701 522 2762 virum
538 2700 615 2761 dom.
636 2699 820 2762 llumbertum
837 2699 997 2780 dalphinum
1013 2701 1156 2764 Viennen-

90 2812 242 2862 semexuna
258 2812 338 2880 parte
348 2811 377 2861 et
390 2798 466 2860 dom.
481 2797 608 2858 odonem
624 2795 779 2873 Alamandi,
794 2796 958 2859 canonicum
969 2797 1155 2861 etmistralem

90 2895 179 2960 Vienne
192 2917 245 2978 pro
259 2899 330 2958 verii
340 2895 401 2957 viro
415 2895 491 2957 dom.
510 2892 657 2956 Guillelmo
670 2892 902 2970 declaromonte,
916 2893 1023 2956 deeano
1038 2896 1155 2958 ecclesie

90 2995 248 3070 Viennensis,
273 2992 321 3074 qui
339 3011 370 3054 se
389 2990 640 3072 compromiserunt
655 2989 684 3050 in
708 2989 857 3052 Falconem
885 2989 1027 3052 dominum
1054 2991 1156 3054 Montis

90 3093 173 3156 lanuti
185 3113 236 3175 pro
244 3093 325 3154 domo
338 3089 468 3171 dalphino
483 3088 548 3151 etin
560 3087 736 3169 ipsumdom.
749 3088 875 3150 odonem
883 3107 935 3168 pro
948 3087 1022 3151 dicto
1032 3089 1151 3166 decano,

89 3208 158 3271 super
172 3189 319 3274 questione
335 3207 417 3268 quam
433 3186 576 3252 habebant
598 3186 634 3248 de
651 3185 784 3248 mistralia
796 3185 913 3246 vienne.
943 3191 949 3202 '

119 3307 180 3367 477.
198 3295 278 3360 ltem,
288 3285 400 3367 quodd.
415 3284 627 3346 instrumentum
651 3282 729 3363 publ.
746 3282 880 3362 seriptum
897 3298 980 3342 manu
995 3279 1071 3342 Petri
1084 3286 1155 3342 Por-

90 3385 142 3447 tulis
159 3385 269 3461 notarii,
284 3383 336 3447 sub
352 3400 426 3445 anno
445 3381 499 3444 oni
515 3387 733 3455 moccc011v10,
761 3378 911 3442 continens
932 3377 1153 3458 assignacionem

89 3482 175 3546 laetam
202 3483 282 3546 dom⁰
308 3480 440 3562 dalphino
469 3498 520 3560 per
531 3490 629 3560 gentes
643 3478 735 3559 regias
744 3477 780 3539 de
795 3489 888 3539 castro
918 3474 954 3536 de
978 3476 1153 3538 Montonoin

89 3581 203 3643 hlvemia
213 3593 243 3643 et
255 3579 289 3642 de
302 3576 423 3660 pedagio
438 3575 534 3638 Brolii.

515 3668 561 3737 riu
579 3680 725 3737 viarum.

121 3771 404 3854 478.1tem,quodd.
422 3772 634 3834 instrumentum
650 3768 728 3851 publ.
753 3767 886 3848 seriptum
912 3785 996 3830 manu
1027 3768 1154 3848 lingonis

90 3871 215 3932 Bochardi
231 3882 259 3932 et
267 3871 451 3951 subscriptum
473 3882 501 3930 et
515 3868 653 3948 signatum
671 3883 754 3926 manu
770 3864 846 3926 Petri
859 3864 894 3926 de
919 3864 1054 3936 Escalone
1070 3877 1153 3926 nota·
1207 3923 1210 3932 ,

90 3966 181 4028 riorum
193 3968 309 4049 publio,
325 3968 377 4030 sub
390 3985 463 4028 anno
478 3965 532 4028 Diri
546 3969 778 4039 11⁰CCC⁰X1111⁰,
797 3961 843 4024 die
863 3962 982 4026 mercuri
996 3961 1025 4022 in
1042 3961 1113 4022 festo
1126 3960 1152 4021 b¹

90 4063 227 4140 vincentii,
244 4064 385 4126 continens
399 4061 531 4125 unionem
546 4074 574 4124 et
587 4058 793 4123 consensiones
816 4058 917 4121 inhitas
930 4071 958 4120 et
976 4057 1064 4119 factas
1082 4055 1154 4116 inter

91 4158 263 4220 reverendum
277 4160 304 4220 in
318 4159 416 4238 xpisto
430 4172 537 4238 patrem
552 4156 703 4220 Briandum
714 4156 899 4219 Viennensem
913 4153 1152 4235 archiepiscopum
