2842 4900
725 453 962 534 -258-=

317 603 402 668 1455.
422 593 502 660 Item,
518 585 605 668 quod.
617 584 879 667 vidimusscriptum
893 583 946 647 sub
960 601 1035 646 anno
1050 583 1105 646 uni
1122 586 1332 660 M⁰CCC⁰XV11⁰,

271 685 316 747 die
329 703 358 746 nr
375 684 476 746 mensis
489 683 631 759 febroarii,
642 703 725 746 manu
740 682 872 765 Stephani
887 681 1030 744 cheurerii
1039 682 1076 744 de
1093 682 1264 759 Calvomote,
1274 701 1335 745 cun-
1400 691 1401 732 l

268 782 361 845 tineus
374 782 460 864 quod.
476 781 688 845 instrumentum
698 781 727 842 in
736 801 792 862 quo
806 780 963 844 continetur
972 779 1048 861 quod
1057 779 1135 842 dom.
1158 779 1334 861 Rod(ulphus)
1400 809 1401 856 i

269 899 364 943 comes
378 879 570 943 Gebeunensis
581 879 648 942 iecit
660 878 820 942 fidelitatem
833 891 862 941 et
874 876 1033 958 homagium
1043 876 1079 938 pp
1091 876 1153 940 viro
1171 876 1245 940 dom.
1262 882 1337 938 Petro
1400 887 1401 962 l

268 979 361 1043 comiti
377 978 526 1055 sabaudie,
547 978 624 1040 salva
637 977 770 1041 fidelitate
783 977 958 1058 imperatoris
974 990 1002 1039 et
1022 977 1217 1058 episcoporum
1233 974 1334 1040 Gehen-
1400 1005 1401 1058 3

210 1079 211 1082 ’
267 1077 361 1141 nensis
374 1076 478 1158 ubique
493 1090 522 1138 et
537 1076 672 1138 Lausanie
686 1076 757 1139 ultra
773 1074 910 1138 Albonam
937 1087 965 1138 et
979 1073 1055 1136 salua
1069 1072 1202 1136 fidelitate
1214 1070 1334 1154 Guigonis
1400 1067 1401 1130 i

268 1174 432 1256 dalphiniin
447 1173 668 1252 terraejusdem.
1400 1167 1401 1170 ’

312 1277 396 1355 1456.
415 1281 493 1347 item,
509 1272 596 1354 quod.
609 1271 687 1354 publ.
702 1271 914 1334 instrumentum
929 1269 972 1353 (ut
991 1269 1091 1352 rato),
1108 1268 1154 1332 die
1168 1281 1231 1331 xur²
1244 1266 1333 1332 mensis
1400 1291 1401 1308 ,

265 1368 408 1447 febroarii,
429 1369 574 1434 continens
594 1370 755 1451 homagium
776 1369 920 1451 prestitum
942 1369 1023 1431 domo
1048 1366 1179 1449 dalphino
1199 1364 1335 1430 Viennensi
1400 1359 1401 1436 Q

265 1488 316 1550 per
332 1468 408 1531 dom.
428 1469 581 1532 iohannem
596 1467 738 1531 dominum
765 1468 847 1530 castri
868 1467 904 1530 de
925 1473 1054 1550 Nemyer
1074 1477 1103 1527 et
1124 1462 1333 1545 recognitionem
1400 1509 1401 1514 1

264 1565 365 1628 iactam
380 1585 430 1648 per
442 1567 583 1643 eumdem,
605 1567 651 1648 qui
668 1565 834 1646 recognovit
847 1584 877 1628 se
888 1578 985 1628 tenere
999 1563 1036 1626 de
1051 1561 1135 1625 leudo
1160 1561 1227 1624 dicti
1244 1559 1335 1624 domini

266 1663 424 1745 Fueigniaci
434 1677 554 1727 castrum
567 1684 647 1726 suum
663 1663 698 1726 de
709 1669 838 1746 Nemyer
853 1676 883 1726 et
896 1662 989 1725 omnia
1002 1661 1054 1724 alia
1066 1673 1095 1724 et
1108 1661 1217 1742 singula
1226 1660 1337 1742 queipse

264 1775 293 1824 et
305 1761 364 1841 ejus
388 1761 602 1842 predecessores
622 1761 691 1824 alias
704 1761 824 1824 confessi
848 1761 961 1823 luerunt
982 1773 1079 1823 tenete
1099 1780 1115 1822 a
1136 1759 1212 1822 dicto
1235 1758 1335 1822 domino

266 1859 425 1942 Fueigniaci
442 1874 469 1923 et
483 1860 703 1942 assignacionem
717 1859 827 1924 termini
836 1859 872 1923 ad
888 1878 1053 1942 recognosc.
1069 1858 1198 1941 particul.
1216 1857 1331 1921 etdistin.

264 1956 335 2020 inira
352 1971 421 2021 cert.
436 1970 523 2040 temp.
538 1958 592 2038 jam
608 1957 695 2038 elaps.
1270 2029 1273 2044 ,Α

308 2075 393 2137 ¹457·
407 2064 486 2131 Item,
503 2055 589 2137 quod.
607 2055 684 2136 publ.
702 2056 915 2118 instrumentum
929 2055 1062 2137 scriptum
1076 2074 1159 2118 manu
1176 2052 1251 2117 Petri
1265 2059 1331 2133 Lep-

263 2154 332 2216 derii
347 2153 447 2216 notarii
465 2166 492 2215 et
513 2152 649 2234 signatum
665 2153 745 2234 signo
759 2151 883 2233 magistri
900 2152 1038 2215 Guillelmi
1055 2153 1090 2215 de
1113 2152 1258 2214 saviniaco
1268 2161 1330 2223 not,

263 2250 409 2332 sigillatum
425 2251 453 2312 in
468 2250 601 2331 pendenti
615 2249 726 2312 duobus
738 2249 843 2331 sigillis,
860 2249 912 2312 sub
934 2269 1007 2312 anno
1022 2250 1076 2314 uni
1093 2253 1280 2324 M01110xlt10,
1294 2247 1332 2307 in·

263 2349 329 2412 dict.
349 2369 413 2425 trita,
429 2365 508 2411 xxrnr
523 2349 568 2411 die
583 2348 686 2410 mensis
699 2347 841 2424 febroarii,
865 2348 1011 2411 continens
1023 2347 1264 2412 confirmacionem
1280 2345 1330 2407 lac·

262 2462 318 2511 tam
332 2467 382 2528 per
394 2447 471 2509 dom.
491 2455 637 2528 Hugonem
654 2445 782 2526 Delphini
791 2446 827 2508 de
837 2446 1039 2510 donacionibus
1051 2467 1101 2529 per
1115 2467 1179 2509 eum
1191 2441 1270 2508 factis‘
1278 2441 1330 2504 diris
1400 2455 1401 2482 l

262 2544 383 2626 Guigoni
396 2559 424 2608 et
439 2545 593 2606 Humberto
610 2542 741 2624 dalphino
757 2543 889 2605 fratribus
904 2543 939 2606 de
960 2556 1019 2607 tota
1031 2559 1106 2608 terra
1120 2564 1182 2620 sua,
1199 2541 1330 2606 continens
1400 2543 1401 2582 ἓ

262 2641 349 2704 eciam
365 2642 458 2723 plures
485 2641 664 2704 condiciones
679 2654 708 2703 et
727 2640 934 2704 convenciones
948 2641 1049 2706 inhitas
1062 2642 1135 2706 inter
1148 2641 1223 2724 ipsas
1237 2650 1327 2722 partes,
1400 2675 1401 2680 κ

262 2751 293 2800 ut
302 2738 460 2801 continetur
474 2739 501 2800 in
514 2739 575 2820 ipso
588 2739 688 2801 insat.
1400 2819 1401 2824 ἵ

308 2837 392 2917 1458.
413 2843 492 2910 ltem,
511 2837 598 2918 quod.
615 2836 734 2898 vidimus
747 2836 849 2898 lactum
866 2856 949 2898 manu
973 2837 1048 2900 Petri
1063 2838 1187 2901 Gauterii
1204 2838 1239 2901 de
1252 2834 1327 2899 Clusis
1400 2847 1401 2888 3

260 2947 289 2996 et
301 2933 485 3015 subscriptum
500 2953 583 2996 manu
598 2934 718 2996 ansuini
729 2934 764 2996 de
781 2934 916 3014 Hospitali
931 2948 959 2996 et
967 2951 1053 2996 manu
1072 2936 1162 2998 Roleti
1181 2935 1325 3017 Puginino·
1400 2921 1401 3004 ζ

259 3032 392 3117 rariorum
410 3031 514 3113 public.
531 3032 583 3094 sub
598 3050 672 3093 anno
693 3031 748 3093 Diri
764 3034 999 3108 M⁰11⁰LXXV110,
1014 3032 1100 3095 indic.
1119 3047 1162 3110 vr,
1178 3033 1264 3114 pridie
1281 3049 1327 3092 no·

259 3150 310 3192 nas
325 3130 466 3208 febroarii,
483 3151 537 3213 que
547 3143 589 3192 est
603 3129 726 3210 receptio
748 3129 933 3205 instrumenti,
961 3130 1081 3192 vidimus
1095 3151 1163 3193 vero
1177 3132 1274 3194 factum
1285 3126 1325 3190 luit

259 3227 312 3290 sub
321 3248 395 3291 anno
407 3229 460 3290 oni
474 3232 704 3291 mtcec⁰xx1x0
719 3248 726 3306 ;
743 3241 771 3290 et
784 3228 907 3291 continet
917 3228 1006 3309 ipsum
1023 3229 1164 3291 instrumm
1178 3227 1250 3311 quod
1260 3223 1325 3288 nobi·
1400 3247 1401 3310 ᾗ

179 3317 184 3328 ’
258 3323 291 3387 lis
306 3332 430 3408 Lyoneta
448 3325 558 3387 domina
573 3325 609 3388 de
621 3332 695 3400 lasz,
714 3324 750 3386 de
759 3325 902 3388 voluntate
921 3326 996 3389 Petri
1010 3325 1056 3387 hlii
1066 3326 1120 3404 sui,
1135 3326 1324 3408 imperpetuum
1400 3335 1401 3400 ζ

258 3421 383 3485 vendidit
397 3423 433 3484 ill
445 3422 523 3484 dom⁶
538 3422 687 3504 B(eatrici)
700 3421 849 3485 Viennensi
863 3422 1003 3485 comitisse
1017 3438 1046 3487 et
1058 3423 1170 3486 domiue
1182 3416 1325 3503 Fucigninci
1400 3429 1401 3496 ᾗ

202 3587 203 3592 1
257 3519 371 3582 feudum
382 3520 465 3583 castri
475 3521 510 3583 de
524 3525 662 3603 Nemyer,
676 3538 739 3581 cum
750 3520 879 3582 omnibus
890 3541 944 3602 que
954 3521 1033 3583 dom²
1047 3529 1174 3604 Lyonetu
1184 3515 1326 3583 habebatin

258 3614 333 3678 dicto
351 3632 443 3681 castro
460 3632 488 3681 et
504 3617 701 3679 mandamento
715 3616 817 3697 ipsius,
835 3617 901 3679 item
918 3617 1052 3700 quidquid
1068 3618 1198 3681 dominus
1211 3612 1327 3681 casside
1400 3645 1401 3668 ÷

256 3713 322 3776 Arlo
337 3714 449 3777 tenebat
465 3729 494 3778 et
507 3715 610 3778 habere
629 3713 751 3777 debebat
770 3714 797 3776 in
815 3714 928 3777 feudum
949 3736 965 3777 a
986 3715 1059 3778 dicta
1080 3716 1157 3779 dom.
1175 3708 1326 3799 Lyonetain
1367 3759 1369 3762 .

256 3824 348 3873 castro
364 3811 399 3874 de
415 3812 480 3874 Arlo
495 3812 596 3892 eteius
610 3812 823 3890 mandamento,
841 3813 936 3894 precio
954 3816 994 3876 11c
1008 3814 1140 3877 librarum
1157 3814 1287 3878 viennen.
1303 3817 1324 3868 el
1400 3873 1401 3886 ,

254 3925 283 3968 ru
296 3908 390 3972 librar.
407 3910 571 3974 Gebennen.
1400 3977 1401 3980 Ἴ

286 4023 383 4088 4459.
413 4014 493 4085 Item,
518 4008 604 4090 quod.
631 4009 708 4090 publ.
731 4009 946 4074 instrumentum
976 4011 1108 4093 scripturn
1129 4031 1219 4074 ‘manu
1236 4003 1323 4072 Humb¹
1400 4007 1401 4070 3

256 4103 337 4166 Pilati
355 4117 414 4166 not.
431 4105 483 4167 sub
499 4125 574 4168 anno
590 4107 643 4169 Diri
657 4111 911 4188 mttllcxxxlltr,
937 4108 1035 4173 indict.
1049 4129 1093 4187 rr„
1109 4110 1157 4172 die
1173 4123 1221 4172 nat
1233 4102 1323 4170 menda
1400 4091 1401 4172 l

254 4201 419 4280 decenbris,
435 4204 580 4268 continens
603 4206 762 4289 homagium
788 4208 933 4290 prestitum
959 4227 1009 4290 per
1035 4208 1112 4274 dom.
1132 4209 1278 4273 lohannem
1291 4201 1321 4262 de
1400 4199 1401 4284 ξ
