2936 4898
663 351 849 452 '-40-

283 510 346 586 187.
365 515 443 585 Item,
459 508 543 589 qued.
555 508 633 570 litera
647 506 736 589 sigillo
749 506 873 570 officialis
895 507 970 570 curie
995 506 1169 569 Viennensis
1181 503 1310 586 sigillata,

238 606 339 686 scripta
354 606 406 668 sub
423 625 497 668 anno
516 606 570 667 Dr'ti
590 610 780 680 mecentio,
798 613 830 665 ιι0
845 602 908 665 idus
920 602 1054 679 octobris,
1070 602 1215 665 continens
1235 601 1311 683 quod

237 703 376 764 lohannes
392 701 505 765 clavelli
520 716 549 764 et
561 702 619 781 ejus
632 701 743 782 parerii,
753 708 924 783 hymonetus
935 700 1067 763 Escoierii
1082 714 1110 763 et
1121 701 1180 779 ejus
1197 698 1310 780 paterii,

239 805 338 864 Petrus
358 799 475 862 cochini
485 813 513 862 et
527 800 586 879 ejus
602 799 713 880 paterii,
730 798 901 862 lohannetus
917 797 1021 873 Parioi,
1046 810 1074 859 et
1088 815 1185 858 omnes
1204 809 1233 856 et
1254 795 1313 858 sin«-

237 894 293 976 guli
308 894 476 957 habitatores
490 895 525 957 de
549 895 663 958 hlairieu
678 907 824 956 teneantur
844 894 952 956 solvere
969 892 1082 955 domino
1105 891 1251 956 Bellivisus
1277 892 1314 954 de

224 999 345 1066 llarco,
363 990 447 1052 videl.
464 991 563 1073 singuli
580 991 703 1053 colentes
712 1010 775 1054 curn
788 989 898 1053 duobus
921 989 1012 1053 bobus
1035 1001 1181 1052 teneantur
1204 990 1313 1052 solvere

238 1087 308 1149 duas
330 1087 435 1150 bennas
461 1107 549 1150 avene
570 1087 721 1162 annuatim,
748 1100 775 1150 et
793 1087 916 1149 colentes
938 1106 1000 1148 cum
1021 1106 1076 1148 uno
1102 1085 1176 1148 bove
1204 1084 1313 1146 unicam

239 1183 360 1245 bennam
377 1197 397 1244 ¹.
1292 1175 1316 1194 ”

284 1282 347 1343 ι88.
379 1289 458 1359 ltem,
487 1282 574 1363 quod.
598 1282 672 1345 aliud
700 1281 910 1343 instrumentum
940 1281 1072 1361 scriptum
1100 1299 1183 1342 manu
1211 1278 1315 1340 llumbi

240 1377 321 1440 Pilati
330 1379 429 1441 notarii
443 1380 533 1460 publ,
546 1379 597 1442 sub
609 1399 683 1441 anno
695 1379 748 1440 uni
760 1377 1033 1460 M⁰ccc0xx<1x⁰),
1042 1378 1127 1442 indic.
1138 1390 1202 1450 ant,
1216 1376 1262 1438 die
1273 1389 1315 1436 nra

240 1475 342 1537 mensis
355 1475 481 1554 januarii,
493 1475 638 1540 continens
653 1474 812 1556 homagium
828 1475 930 1536 lactum
955 1474 1033 1536 dom⁰
1049 1475 1168 1556 Guigoni
1182 1473 1314 1556 dalphino

240 1570 389 1634 Viennensi
403 1592 454 1653 per
469 1573 619 1654 Georgium
634 1572 670 1634 de
685 1572 810 1634 Marcha.

283 1666 347 1747 189.
366 1674 444 1744 Item,
460 1667 545 1748 quod.
560 1668 597 1730 al.
626 1667 837 1730 instrumentum
855 1668 1011 1730 conlectum
1034 1687 1117 1729 manu
1137 1666 1220 1747 Guig.
1243 1672 1317 1727 Fru-

240 1765 324 1826 menti
346 1764 446 1829 notarii
473 1765 564 1846 publ,
593 1765 644 1828 sub
672 1784 744 1828 anno
771 1765 886 1828 Nativit.
917 1765 1004 1827 Dnice
1032 1767 1314 1835 ntccc⁰xxxll11⁰,

239 1860 335 1924 indict.
345 1871 389 1939 11³,
405 1863 450 1925 die
464 1876 538 1924 xnu²
551 1862 718 1939 decembris,
744 1862 890 1925 continens
904 1861 1061 1942 homagium
1084 1861 1187 1924 lactum
1200 1858 1316 1920 domino

240 1970 336 2020 nostro
349 1958 480 2039 dalphino
491 1979 541 2039 per
550 1959 627 2021 dom.
642 1959 801 2020 hmaudum
816 1959 958 2021 dominum
982 1959 1068 2039 Rupis
1092 1958 1193 2034 Fortis,
1220 1955 1315 2018 conti-

240 2073 309 2118 nens
317 2055 399 2117 etiam
408 2055 626 2137 recognitionem
638 2057 724 2137 ipsius
736 2056 858 2118 omnium
868 2055 1014 2136 quehabet
1027 2055 1054 2117 in
1065 2068 1157 2117 castro
1172 2052 1314 2116 antedicto

240 2164 268 2212 et
291 2152 364 2232 apud
378 2151 456 2234 clay.
1070 2149 1073 2158 “

285 2268 348 2328 ¹90·
371 2256 451 2326 Item,
475 2249 562 2330 quod.
577 2247 650 2310 aliud
663 2249 875 2312 instrumentum
890 2250 932 2330 (ut
941 2248 1077 2331 procel),
1093 2248 1138 2310 die
1155 2246 1316 2310 tranensis

239 2345 365 2423 januarii,
383 2345 529 2407 continens
538 2345 696 2426 homagium
708 2346 810 2408 factum
827 2346 905 2407 dom⁰
921 2359 1018 2408 nostro
1033 2329 1164 2427 dalphino
1178 2365 1228 2425 per
1246 2351 1318 2406 Ber-

239 2432 340 2504 lionem
355 2442 391 2504 de
401 2450 503 2518 vaura,
512 2443 541 2503 in
555 2462 611 2523 quo
628 2443 710 2504 etiam
721 2444 877 2506 continetur
887 2444 960 2525 quod
974 2444 1046 2504 idem
1065 2443 1156 2506 Berlin
1169 2444 1241 2504 infra
1254 2460 1318 2504 cer-

239 2537 297 2600 tum
311 2538 457 2600 terminum
477 2538 572 2600 debuit
595 2539 688 2601 lacere
712 2539 930 2620 recognitionem
954 2540 1105 2621 plenariam
1127 2541 1163 2603 de
1188 2541 1317 2604 omnibus

240 2635 360 2722 hiisque
377 2655 393 2696 a
407 2634 520 2696 domino
533 2634 659 2715 predicto
675 2635 799 2698 tenebat.

285 2749 349 2811 191.
367 2737 445 2807 ltem,
462 2729 547 2812 quod.
562 2730 598 2792 al.
615 2729 826 2795 instrumentum
841 2734 997 2797 conlectum
1014 2754 1096 2798 manu
1113 2735 1213 2797 Humbi
1236 2735 1318 2798 Pilati
1349 2765 1354 2774 ·
1456 2773 1457 2784 ι

238 2839 298 2888 ιιοι.
316 2826 397 2906 pub,
421 2826 472 2888 sub
488 2846 560 2888 anno
577 2827 664 2890 unice
682 2829 797 2891 Nativit.
812 2835 1058 2907 MocCC0XX1X0,
1081 2833 1177 2895 indict.
1194 2844 1256 2909 xtra,
1273 2832 1317 2894 die

239 2937 260 2984 ιλ
281 2923 382 2986 mensis
397 2923 503 3000 marcii,
520 2924 665 2986 continens
681 2925 899 3007 recognitionem
911 2927 1012 2990 factam
1027 2928 1108 2990 dom⁰
1124 2913 1255 3009 dalphino
1266 2949 1316 3011 per

239 3019 315 3082 dom.
346 3019 474 3082 abbatem
509 3021 601 3083 Sancti
626 3022 755 3084 Anthonii
784 3022 819 3084 de
837 3035 940 3099 castro,
973 3024 1038 3086 villa
1057 3038 1085 3104 et
1120 3017 1318 3089 mandamento

240 3118 332 3180 Sancti
358 3119 498 3195 hnthonii,
522 3133 549 3181 et
573 3120 730 3202 homagium
745 3120 839 3202 ligium
854 3121 977 3200 ejusdem
1004 3121 1105 3184 iactum
1123 3121 1212 3183 eidem
1239 3121 1319 3184 dom⁰

240 3216 383 3297 dalphino.
746 3284 751 3288 ,

285 3332 348 3394 ¹92·
365 3321 444 3390 Item,
461 3314 547 3395 quod.
565 3315 601 3376 al
615 3315 827 3378 instrumentum
842 3315 884 3397 (ot
902 3317 981 3398 190),
1000 3316 1145 3379 continens
1157 3317 1318 3400 homagium

239 3411 369 3473 Anthonii
384 3411 471 3473 Girini
496 3412 531 3473 de
553 3418 649 3474 ¹sonna
665 3413 769 3475 iactum
782 3413 860 3475 dom⁰
872 3410 1014 3494 dalphino,
1032 3413 1129 3496 inquo
1145 3413 1227 3476 etiam
1241 3414 1318 3478 idem

207 3545 210 3553 ι
240 3509 323 3571 ΑιιιΙι.
353 3509 439 3570 Girini
462 3510 588 3590 promisit
611 3510 681 3572 inlra
708 3525 814 3574 certum
842 3512 990 3575 terminum
1009 3513 1101 3575 facere
1124 3513 1275 3594 plenariam
1291 3529 1321 3577 et

240 3604 435 3686 particularem
451 3607 670 3688 recognitionem
686 3607 721 3670 de
734 3609 862 3672 omnibus
875 3609 926 3671 hiis
940 3629 993 3691 que
1008 3609 1148 3672 tenebata
1162 3610 1286 3690 domino.

281 3721 345 3784 193·
371 3710 448 3779 ltem,
466 3704 551 3784 quod.
576 3705 612 3768 al.
637 3705 876 3789 (instrumentum)
893 3708 935 3790 <ut
955 3709 1034 3791 190),
1050 3708 1196 3771 continens
1217 3709 1319 3770 homa·

240 3801 314 3882 gium
325 3801 427 3863 lactum
442 3801 520 3893 dom⁰
532 3802 662 3883 dalphino
673 3822 723 3883 per
734 3805 917 3867 humbertum
930 3805 1064 3886 Argoudi,
1080 3806 1225 3868 continens
1241 3807 1318 3887 quod

228 4103 259 4156 'b
283 4050 304 4086 ι.
320 4032 358 4086 En
374 4051 406 4087 m.
427 4035 448 4086 A
468 4031 567 4089 Sciatur
586 4033 605 4090 si
625 4009 771 4092 castellanus
792 4031 918 4107 computet
939 4036 969 4092 de
989 4034 1057 4108 ipsis,
1078 4037 1112 4091 Aa
1133 4036 1185 4091 Pro
1205 4034 1317 4093 coroatia

261 4121 327 4159 oum.
