2842 4900
513 502 689 585 ..135-

79 633 194 716 dalphino
206 646 270 696 ante
285 651 383 696 omnes
395 633 522 698 homines
543 647 571 697 et
585 653 731 716 personas,
750 653 847 698 omnes
861 653 917 710 res,
940 621 1142 714 possessiones,

79 731 151 806 bom,
167 749 278 806 census,
295 731 412 816 seruicia
427 745 455 816 et
471 733 530 813 jura
554 751 729 814 quecumque
752 752 807 814 que
829 731 889 814 ipse
904 742 993 807 tenet,
1014 727 1098 791 habet
1116 740 1145 791 et

78 828 188 910 possidet
199 827 228 890 in
243 841 304 892 toto
318 829 515 893 mandamento
526 829 629 893 Montis
642 829 769 914 Luppelli
792 842 821 894 et
847 829 912 892 olim
924 827 952 891 in
968 825 1144 910 pertinentiis

78 928 177 1004 dinaei,
194 940 222 990 et
236 928 317 1010 plura
335 927 425 990 aliain
435 927 511 992 dicto
524 927 618 992 instr¹⁰
632 942 774 992 contenta.

113 1025 192 1104 1048.
210 1032 290 1102 ltem,
301 1024 388 1106 quod.
406 1024 443 1088 al.
458 1025 670 1090 instrumentum
685 1025 728 1109 (ut
742 1026 826 1109 989),
842 1025 888 1088 die
902 1037 933 1088 n·
948 1023 1051 1087 mensis
1066 1041 1146 1086 mar·

77 1122 114 1200 cii,
131 1121 273 1186 continens
293 1121 369 1205 quod
391 1123 561 1188 Humbertus
583 1124 620 1188 de
643 1125 759 1208 Saysieu
775 1123 938 1188 domicellus
961 1123 1026 1186 fecit
1041 1122 1143 1185 homa-

78 1219 141 1302 gium
153 1219 246 1302 ligium
260 1218 297 1282 de
320 1238 442 1310 persona
463 1221 499 1284 ill¹
512 1220 630 1304 principi
640 1221 720 1286 dom⁰
734 1235 831 1286 nostro
844 1221 874 1284 d.
892 1219 1047 1284 llumberto
1063 1219 1146 1283 Vien-

77 1318 144 1380 nensi
160 1315 303 1400 dalphino,
317 1329 345 1381 et
357 1317 485 1400 promisit
498 1331 527 1382 et
541 1320 642 1400 juravit
655 1339 718 1384 esse
733 1319 824 1384 bonus
843 1331 872 1383 et
885 1317 984 1381 fidelis.

113 1432 192 1496 ¹⁰49·
208 1422 291 1492 ltem,
305 1415 392 1496 quod.
408 1415 486 1498 publ.
498 1416 710 1481 instrumentum
731 1417 864 1500 scripturo
888 1434 973 1479 manu
989 1412 1095 1478 alberti
1109 1414 1146 1478 de

11 1515 13 1532 '
78 1511 177 1595 Brayda
202 1510 845 1594 notan'ipubl.subannol)1'titll⁰ccc⁰lll⁰,
873 1512 934 1576 scil.
962 1511 1008 1574 die
1034 1509 1147 1574 veneris

77 1621 131 1689 post
143 1609 243 1671 mum
253 1608 399 1672 beatorum
408 1609 716 1693 lacobietllpistofori,
728 1610 876 1674 continens
885 1608 961 1692 quod
971 1607 1101 1671 Albertus
1111 1607 1147 1671 de

11 1765 12 1770 ,
78 1711 155 1768 Heres
166 1704 340 1784 domicellus,
353 1704 389 1768 ad
403 1705 610 1788 requisitionem
624 1707 671 1771 ill·
690 1707 822 1790 principis
833 1707 908 1770 dont
922 1704 1070 1770 llumberti
1083 1705 1147 1767 dal-

10 1843 11 1898 l
78 1801 142 1883 phini
154 1801 329 1879 Viennensis,
344 1803 475 1868 conuenit
488 1817 517 1867 et
532 1803 659 1886 promisit
672 1803 747 1868 bona
769 1803 826 1867 lide
841 1803 922 1866 dom0
948 1801 1080 1886 dalphino
1094 1802 1147 1866 sti-

10 1909 11 1918 ’
77 1899 169 1981 pulanti
182 1919 234 1983 pro
249 1913 319 1964 seet
328 1900 385 1964 suis
395 1900 470 1984 quod
487 1901 722 1985 quandocumque
737 1920 789 1984 per
809 1901 914 1964 dictum
933 1900 963 1964 d.
986 1900 1146 1983 dalphinum

78 2000 114 2062 vel
128 2000 244 2083 aliquem
256 2000 437 2082 ejusnomine
459 2001 550 2065 eidem
566 2002 681 2066 lllberto
705 2001 788 2066 luerit
807 2000 990 2076 satisfactum,
1006 1998 1093 2062 videl.
1110 1999 1147 2064 de

78 2111 119 2159 ur·
129 2097 201 2161 libris
212 2111 325 2163 monete
336 2098 483 2177 currentis,
502 2099 590 2182 quod.
605 2099 681 2164 dicto
703 2099 781 2163 dom.
806 2098 939 2181 dalphino
953 2097 999 2160 vel
1022 2097 1079 2161 suis
1101 2097 1148 2160 vel

77 2213 161 2257 eorum
173 2195 287 2278 speciali
298 2196 430 2260 mandato
442 2197 613 2281 integraliter
628 2196 728 2261 reddet
741 2210 770 2261 et
785 2196 912 2260 restltuet
921 2209 1012 2260 totum
1028 2194 1056 2258 id
1068 2194 1147 2278 quod

78 2305 144 2355 tenet
152 2293 224 2376 apud
239 2301 329 2356 Heres
342 2293 394 2356 sibi
407 2294 521 2358 alberto
543 2294 695 2378 obligatum
710 2313 761 2376 per
774 2293 930 2377 predictum
944 2294 974 2358 d.
985 2292 1147 2376 dalphinum

79 2391 260 2474 qualicumque
283 2391 319 2454 de
341 2411 437 2470 causa,
454 2405 482 2456 et
506 2392 608 2456 deinde
634 2391 752 2456 reddere
774 2404 803 2456 et
815 2389 961 2455 restituere
974 2390 1049 2454 dicto
1067 2390 1145 2454 dom.

80 2490 197 2572 delphino
208 2491 254 2554 vel
269 2489 328 2572 ejus
344 2504 421 2554 certo
434 2490 565 2554 mandato
580 2490 673 2554 omnia
686 2491 869 2554 instrumenta
894 2489 953 2553 siue
972 2488 1077 2551 litteras
1093 2508 1148 2571 que

82 2601 109 2651 et
117 2608 179 2670 quas
192 2588 278 2652 habe't
290 2608 377 2670 penes
392 2608 423 2653 se
440 2587 514 2652 idem
528 2588 658 2652 albertus
675 2600 697 2652 ¹.
715 2621 754 2637 -
780 2606 866 2670 to5o.
895 2594 977 2664 Item,
994 2585 1083 2669 quod.
1109 2585 1147 2650 al.

83 2685 282 2750 instrumentum
302 2685 435 2770 scriptum
455 2686 537 2750 simul
551 2686 580 2750 in
596 2685 682 2769 quad.
697 2685 770 2768 pelle
784 2703 868 2748 manu
888 2684 931 2768 (ut
942 2682 1080 2768 praeced),
1104 2682 1149 2748 die

82 2799 133 2845 una
145 2785 244 2848 mensis
258 2784 364 2866 aprilis,
380 2785 526 2849 continens
544 2783 620 2868 quod
643 2783 770 2847 Andreas
784 2782 820 2847 de
835 2782 929 2845 Locha
944 2781 1108 2846 domicellus
1120 2779 1149 2845 in

83 2883 211 2962 presencia
240 2883 295 2946 mei
315 2883 428 2962 notarii,
441 2882 486 2946 ad
514 2881 727 2966 requisicionem
749 2881 796 2944 itt·
814 2879 946 2964 pn'ncipis
966 2879 1039 2942 dom'
1061 2878 1148 2942 nostri

85 2981 214 3046 llumberti
227 2979 363 3063 delphini,
381 2980 417 3044 de
432 2981 507 3044 omni
520 3000 556 3045 eo
570 2980 607 3044 de
616 3000 673 3063 quo
696 2980 788 3064 ipsum
799 2977 939 3042 Andream
952 2976 1148 3062 qualicumque
1234 3011 1235 3016 κ

54 3070 59 3084 ’
85 3075 113 3138 de
123 3097 201 3142 causa
215 3076 357 3160 appellare
372 3076 547 3162 uellet(....)
565 3088 589 3140 ².

119 3193 197 3258 ¹⁰5¹·
227 3182 308 3253 Item,
334 3175 422 3257 quod.
441 3175 478 3238 al.
504 3174 718 3238 instrumentum
745 3171 879 3254 scn‘ptum
910 3188 993 3234 manu
1016 3165 1149 3232 iohannis

86 3269 207 3352 cymondi
228 3271 328 3335 notarii
349 3272 427 3357 publ.
454 3271 507 3336 sub
531 3291 606 3336 anno
637 3271 692 3334 oni
715 3275 983 3346 M⁰CCC⁰XXx1x⁰,
1010 3266 1055 3329 die
1080 3277 1149 3328 xuva

86 3369 172 3432 nensis
182 3369 260 3450 junii,
276 3368 422 3434 continens
436 3369 511 3453 quod
526 3369 680 3434 Guionetus
694 3368 730 3432 de
745 3367 928 3444 Machlmiaco
940 3379 969 3429 et
984 3363 1149 3446 Hugoninus

86 3463 114 3526 de
127 3465 324 3551 Maychimiaco
348 3466 486 3530 domicelli
512 3465 633 3530 confessi
658 3467 770 3530 fuerunt
798 3486 828 3529 se
856 3483 918 3529 esse
941 3462 1067 3526 homines
1093 3460 1148 3544 ligii

86 3560 174 3626 domini
187 3562 276 3627 nostri
290 3563 412 3646 dalphini
429 3577 458 3628 et
473 3562 563 3627 eidem
578 3563 732 3647 prestitisse
745 3562 915 3645 homagium.
1050 3561 1054 3570 '

122 3679 200 3744 ¹05²·
216 3671 297 3741 ltem,
315 3675 434 3745 quatuor
446 3661 628 3726 instrumenta
645 3661 723 3745 publ.
738 3661 766 3724 in
789 3681 844 3724 una
857 3660 930 3743 pelle
945 3659 1048 3742 scripta
1065 3677 1148 3722 manu

86 3756 176 3822 albert
196 3760 232 3823 de
255 3758 367 3843 Brayda
382 3759 482 3822 notarii
496 3759 573 3842 publ.
601 3758 653 3823 sub
667 3779 741 3822 anno
757 3758 810 3820 Dlli
826 3763 1031 3836 tt⁰ccc⁰11110,
1050 3756 1095 3820 die
1106 3769 1149 3820 nt¹

86 3857 260 3938 mendsjunli,
276 3856 446 3921 continentia
465 3855 594 3940 homagia
616 3855 734 3939 prestita
754 3854 832 3918 dom⁰
848 3869 944 3920 nostro
957 3854 1088 3939 delphino
1098 3875 1150 3938 per

123 4057 142 4094 t.
164 4042 200 4098 En
222 4062 254 4099 m.
271 4042 350 4100 Heres
364 4041 437 4099 situm
462 4042 485 4098 in
507 4041 680 4100 mandamento
700 4039 817 4099 Crimlaci
839 4052 864 4101 et
886 4042 999 4100 videatur
1017 4041 1150 4098 siluerunt

91 4109 202 4188 redempta
212 4113 323 4187 predicta
337 4133 344 4185 ;
361 4112 462 4170 nitatur
476 4113 611 4172 castellano
624 4114 691 4188 quod
706 4131 732 4169 se
747 4114 859 4172 inlormet
883 4113 925 4190 qui
940 4121 1007 4169 tenet
1020 4113 1148 4188 predicta;

90 4191 171 4238 suatur
193 4184 212 4241 si
234 4185 266 4241 sit
287 4183 310 4241 in
334 4183 575 4254 terraValllsbone.
601 4215 634 4227 -
661 4201 685 4240 2.
702 4185 741 4240 En
755 4203 788 4242 m.
804 4187 842 4242 De
856 4182 988 4246 Viennesio
1002 4193 1041 4240 est
1054 4192 1080 4238 et
1093 4181 1148 4238 ideo

9 4259 10 4272 ¹
91 4261 162 4310 uacat.
