2844 4900
569 1062 958 1156 REGlSTRUM

273 1403 627 1476 rusrnunrnnronun
655 1419 701 1475 ur
728 1417 972 1478 urrnnrmnuu
1000 1419 1267 1477 onurnrunrus

346 1563 591 1624 rsnonucruu
618 1567 856 1627 sslnurunruu
882 1565 1193 1626 cnsrsutonlum.

233 2471 388 2573 (a
409 2455 521 2517 nomine
544 2452 671 2532 Domini,
698 2476 790 2518 amen.
816 2461 896 2518 Anno
913 2455 1071 2520 Natiuitatis
1093 2451 1218 2535 ejusdem
1242 2449 1316 2518 mill⁰'

252 2584 285 2657 ξ’
310 2530 358 2651 §ii
370 2567 439 2628 CCC
454 2573 552 2644 XLVI,
568 2567 613 2629 die
631 2587 687 2629 xxv
704 2570 806 2632 mensis
819 2570 923 2651 aprilis,
937 2570 988 2632 fuit
1003 2570 1179 2632 incohacturn
1192 2587 1314 2650 presens

245 2652 370 2747 ln«
389 2681 515 2761 gistrum
536 2699 586 2761 per
601 2681 709 2744 nouus
725 2697 754 2745 et
774 2683 981 2764 circonspecros
999 2683 1074 2745 oros
1094 2683 1223 2746 remiss
1246 2692 1315 2749 sse-

230 2797 351 2876 phanum
367 2795 401 2858 de
420 2795 511 2872 Rullo,
526 2791 639 2856 militem
656 2808 684 2857 et
693 2796 784 2876 legum
799 2795 942 2860 doctorem
955 2794 1131 2878 judicemque
1147 2797 1315 2882 majore(m)

231 2907 346 2990 hospicii
365 2907 528 2991 dalphinalis
544 2922 572 2972 et
590 2909 679 2972 tocius
700 2905 893 2991 oalpn'inatus,
906 2908 940 2974 'et
961 2910 1155 2994 Reymundum
1177 2911 1315 2978 Falavelli

228 3026 427 3106 jurisperitum,
450 3025 622 3088 consiliarios
643 3025 814 3107 dolplrmales
836 3026 1096 3108 commissariosque
1120 3025 1148 3087 in
1163 3025 1217 3088 hac
1231 3041 1316 3108 parte

230 3139 386 3220 specialiter
400 3138 547 3218 deputatos
571 3151 587 3199 n
607 3139 763 3201 reverendo
782 3139 810 3201 in
831 3139 928 3220 Xpisto
949 3152 1029 3219 patre
1047 3152 1077 3201 et
1098 3133 1213 3200 domino
1229 3139 1312 3204 dom.

232 3253 353 3314 Henrico
368 3251 403 3314 de
417 3252 536 3329 Vilariis,
555 3252 606 3313 Dei
623 3253 715 3332 gracia
731 3250 942 3334 archiepiscopo
965 3267 993 3316 et
1011 3251 1112 3316 comite
1130 3246 1316 3336 lugdunensi

229 3383 257 3432 et
273 3370 479 3432 locumtenente
499 3367 604 3429 domini
628 3368 715 3429 nostri
739 3367 860 3448 dalphini
881 3367 1018 3448 predicti,
1041 3367 1077 3430 de
1098 3367 1231 3430 omnibus
1247 3370 1319 3432 uni·

229 3485 318 3546 versis
334 3497 362 3546 et
378 3481 495 3564 ¹singulis
511 3481 709 3557 instrumentis,
729 3481 879 3563 privilegiis
897 3495 926 3546 et
939 3483 999 3544 aliis
1018 3482 1192 3544 documentis
1207 3483 1317 3566 baylli-

229 3597 319 3661 viatus
334 3594 547 3680 Greysivodani,
572 3595 688 3675 repertis
711 3593 738 3656 in
764 3593 885 3658 scoflinis
906 3596 1088 3659 existentibus
1102 3595 1131 3657 in
1145 3597 1316 3660 revestiario

231 3714 324 3776 Sancti
337 3712 459 3788 Andros,
481 3710 660 3792 tangentibus
677 3710 780 3772 lactum
797 3711 900 3774 domini
922 3713 1010 3775 nostri
1027 3711 1149 3793 delphini
1170 3712 1317 3778 Viennen-

230 3828 286 3902 sis,
319 3812 425 3888 vocatis
449 3845 510 3887 curn
526 3823 629 3888 enom
650 3823 771 3888 dontinis
793 3826 919 3889 lolnmte
937 3827 1060 3889 &boudi
1079 3826 1118 3888 ¹tle
1139 3830 1235 3888 Monte
1256 3834 1316 3889 Bo-

229 3938 316 4014 nodo,
333 3937 487 4000 Andevono
508 3937 543 4001 de
565 3944 703 4022 lumper,
732 3936 877 4004 Guillelmo
896 3939 930 4004 de
948 3935 1031 4005 Rullo
1054 3954 1082 4002 et
1105 3937 1251 4004 Guillelmo
1276 3941 1315 4006 de

231 4059 317 4116 Portu
335 4054 460 4118 notariis.

246 4271 248 4277 “
268 4279 290 4316 ι.
306 4261 396 4318 Cahier
410 4263 442 4334 B,
458 4262 483 4318 ll.
501 4263 507 4334 j
521 4267 535 4319 i
551 4265 588 4321 Cu
602 4277 627 4322 et
641 4223 705 4323 vlu
719 4271 751 4343 trij
764 4273 852 4346 r-ntj.
930 4347 936 4362 Ι
