2842 4900
529 497 708 576 -283-

83 627 174 705 juvare
185 625 223 688 de
244 645 364 708 persona
379 639 407 690 et
420 625 456 690 de
478 625 634 691 bominibus
648 641 677 692 et
694 627 777 692 rebus
791 627 849 692 suis
861 642 958 694 contra
974 647 1072 694 omnes
1085 629 1153 694 alias

84 741 226 804 iiim·
1106 749 1108 754 “

123 839 208 903 ¹595·
224 827 304 898 ltenr,
321 820 407 903 quod.
423 820 635 894 instrumentum
650 822 781 905 scriptum
796 841 879 886 manu
893 823 1024 888 lobannis
1036 824 1073 888 de
1092 824 1155 888 Bal·

82 937 122 980 ma
137 918 239 980 notarii
252 918 329 1000 publ.
344 918 396 981 sub
408 937 482 982 anno
503 921 556 982 oti
583 922 772 997 M011⁰xc⁰10‚
799 919 844 984 die
858 920 923 984 lune
938 935 1002 1004 post
1023 919 1156 984 Purifica-

81 1015 186 1078 cionem
200 1013 281 1077 beate
293 1014 391 1092 blarie,
406 1015 507 1098 inquo
516 1016 755 1100 contineturquod
765 1023 854 1100 bymo
869 1017 904 1080 de
914 1017 1079 1102 Greyosiaco
1089 1037 1157 1082 con·

79 1113 165 1175 lessus
180 1111 452 1175 luitessebominem
469 1111 562 1195 ligium
579 1113 656 1176 dom‘
675 1112 841 1198 B(eatticis)
860 1113 971 1178 domine
997 1111 1156 1197 Fucigniad

79 1211 188 1274 racione
213 1210 289 1274 feudi
311 1209 386 1294 quod
409 1212 523 1275 tenebat
545 1211 581 1274 ab
611 1231 644 1276 ea
661 1226 689 1276 et
717 1213 793 1296 quod
817 1214 1040 1279 contenebatur
1060 1213 1154 1297 sequit

83 1307 156 1389 quod
169 1308 192 1371 si
205 1307 298 1370 lacere
311 1321 464 1386 recusaret,
476 1308 566 1390 ipsum
580 1309 693 1375 feudum
710 1309 823 1374 caderet
836 1330 871 1374 eo
884 1311 945 1393 ipso
954 1311 984 1374 in
991 1311 1152 1374 comissum.

122 1405 210 1488 ¹59⁶·
224 1411 303 1483 ltem,
317 1404 404 1487 quud.
419 1404 455 1468 al.
465 1405 679 1470 ,instrumentum
689 1406 767 1488 publ.
778 1407 910 1489 scriptum
920 1427 1002 1471 manu
1014 1407 1090 1471 Petri
1100 1415 1156 1470 Ou-

80 1502 145 1586 gerii
156 1503 192 1566 de
203 1502 293 1564 elusis
303 1515 331 1565 et
346 1502 530 1585 subscriptum
542 1522 626 1566 manu
640 1504 770 1568 Peroneti
780 1503 815 1567 de
829 1509 861 1566 8ο
871 1504 1008 1568 Nicbolao
1020 1504 1056 1568 de
1066 1503 1156 1569 clusit

82 1614 107 1664 et
120 1599 289 1662 Ansermodi
302 1599 337 1662 de
352 1599 475 1681 ospicio,
492 1600 638 1666 continens
651 1602 752 1684 quasd.
768 1602 972 1666 convenciones
984 1603 1072 1666 lactas
1083 1601 1156 1666 inter

80 1695 155 1759 dom.
195 1703 309 1760 Petrum
323 1695 453 1760 comitem
476 1697 616 1761 sabaudie
638 1717 673 1762 ex
689 1693 744 1762 una
757 1711 837 1780 parte
859 1713 888 1762 et
909 1699 986 1763 dom.
1004 1699 1156 1764 bmedeum
1230 1745 1235 1772 ,

2 1811 3 1822 ’
82 1795 224 1858 dominum
235 1795 272 1858 de
285 1802 353 1878 Jayz
367 1795 498 1858 etaltera
509 1795 675 1877 superfacto
691 1795 726 1859 de
739 1805 818 1880 Jayz,
829 1817 883 1880 que
895 1797 1007 1880 quidem
1034 1817 1157 1862 conven·
1190 1869 1195 1876 ,

81 1893 174 1956 tiones
185 1893 260 1956 facte
273 1893 384 1956 luerunt
398 1892 471 1955 inter
483 1893 559 1975 ipsos
573 1893 625 1956 sub
635 1913 709 1957 anno
720 1894 774 1956 Diti
788 1899 889 1956 nt⁰cc⁰
904 1899 1068 1958 Lllll⁰llll⁰.

119 2008 209 2072 ¹597·
230 1997 311 2066 Item,
326 1989 410 2072 qued.
420 1990 514 2052 lietera
530 1990 619 2054 tribus
633 1990 728 2072 sigillis
734 1989 762 2053 in
771 1989 902 2072 pendenti
909 1990 1038 2074 sigillata,
1053 1990 1156 2073 scripta

79 2088 127 2150 sub
142 2107 219 2150 anno
235 2087 289 2148 uni
306 2093 540 2164 mvcccvxxllo,
551 2087 697 2150 continens
711 2085 946 2168 permutationem
970 2087 1071 2150 factam
1085 2087 1158 2151 inter

80 2184 140 2246 illem
170 2183 324 2266 principem
348 2182 424 2246 dom.
454 2182 610 2265 Guigonem
637 2183 796 2265 dalphinum
817 2203 851 2246 et
872 2203 926 2247 una
939 2197 1018 2266 parte
1033 2198 1062 2248 et
1075 2184 1153 2248 dom.

80 2282 256 2344 Guillelmum
272 2287 399 2357 Contort,
416 2279 559 2342 dominum
573 2279 609 2342 de
625 2279 805 2362 bpcbon‚·de
819 2279 870 2343 hiis
886 2300 941 2363 que
951 2281 1071 2344 babebat
1082 2281 1156 2344 idem

80 2379 155 2442 dom.
172 2377 321 2459 delphinus
334 2375 363 2439 in
379 2376 525 2458 parrochia
539 2376 589 2439 des
603 2376 781 2460 Veyscbeyrz
793 2390 821 2440 et
843 2376 933 2440 dictus
948 2377 1024 2441 dom.
1040 2376 1157 2441 Guillel·

78 2493 137 2536 mus
149 2472 273 2536 reddidit
285 2472 374 2535 eidem
387 2473 463 2536 dom.
481 2473 612 2555 dalphino
626 2474 766 2536 escambia
777 2473 805 2538 in
823 2475 1018 2539 mandamento
1029 2476 1064 2539 de
1077 2484 1158 2540 blon-

77 2584 134 2650 tou,
152 2584 182 2634 et
193 2570 374 2652 designantur
386 2571 414 2633 in
428 2571 517 2634 littera
529 2571 655 2654 predicta
668 2591 769 2635 census
792 2586 820 2635 et
839 2572 984 2637 feudatarii
997 2587 1025 2640 et
1045 2593 1090 2638 res
1105 2593 1157 2657 pro

78 2669 177 2751 quibus
186 2667 259 2732 fiunt
272 2668 338 2731 dicti
348 2683 451 2732 census
461 2689 511 2750 per
522 2669 590 2733 dict.
602 2669 731 2732 dominos
744 2669 904 2750 permutati.

118 2770 206 2850 1598.
224 2775 304 2847 ltem,
319 2769 405 2851 quod.
417 2769 495 2851 publ.
511 2771 722 2833 instrumentum
737 2770 869 2852 scriptum
884 2789 967 2833 manu
980 2769 1155 2835 pernumia-
1259 2780 1263 2788 ’

2 2911 3 2916 1
78 2864 214 2928 cinotarii
229 2862 306 2946 publ.
334 2865 386 2928 sub
407 2885 481 2928 anno
506 2866 560 2928 Dr'ri
588 2872 807 2945 M⁰CC0XC⁰V⁰‚
820 2865 917 2931 indict.
944 2885 1009 2945 vtro,
1026 2882 1080 2931 uuo
1094 2867 1157 2931 idus

77 2963 181 3045 aprilis,
196 2963 342 3026 continens
356 2963 483 3046 homagia
493 2964 558 3046 ligia
572 2963 687 3046 prestita
703 2963 738 3026 ill¹
766 2964 842 3027 dom.
859 2963 1009 3047 B(eatrici)
1025 2963 1156 3045 dalphine

78 3061 189 3138 domine
204 3061 364 3142 Fucigniaci
377 3081 426 3142 per
437 3062 620 3138 Guiliredum,
641 3068 754 3124 Petrum
768 3076 797 3126 et
812 3061 987 3124 Guillelmum
998 3060 1033 3124 de
1049 3059 1157 3122 curnil-

78 3157 149 3222 lione
162 3159 275 3236 fratres,
290 3159 435 3222 continens
446 3159 533 3222 eciam
562 3159 655 3242 plures
682 3159 749 3222 alias
769 3159 973 3222 convenciones
989 3156 1061 3219 inter
1080 3157 1156 3237 ipsos

78 3253 164 3317 factas
176 3273 240 3317 cunt
251 3254 363 3318 domina
376 3254 512 3336 predicta,
527 3268 611 3337 prout
623 3253 651 3317 in
668 3255 728 3338 ipso
742 3254 1013 3322 instrucontinetur.

121 3369 207 3435 ¹599·
223 3357 302 3428 Item,
318 3352 405 3434 quod.
422 3352 458 3415 al.
470 3352 681 3416 instrumentum
697 3351 829 3434 scriptum
844 3369 927 3414 manu
947 3347 1022 3412 Petri
1051 3347 1155 3434 Polleti

80 3449 176 3512 oomni
190 3448 269 3531 publ.
285 3448 337 3512 sub
347 3469 420 3512 anno
432 3449 486 3512 uni
502 3455 707 3528 M⁰CC.XC01⁰,
724 3449 869 3514 continens
879 3446 988 3530 copiam
998 3445 1155 3510 testamenti

79 3545 125 3606 ill¹¹
139 3545 190 3608 viri
202 3545 280 3610 dom.
298 3546 373 3609 Petri
390 3546 499 3610 comitis
512 3547 660 3610 sabaudie.

122 3642 207 3706 1600.
227 3650 308 3715 Item,
321 3642 504 3725 quedliltera
516 3643 605 3725 sigillo
615 3641 723 3707 comitis
737 3641 875 3706 sabaudie
887 3639 915 3704 in
925 3640 1056 3723 pendenti
1076 3639 1155 3722 sigil-

80 3739 146 3816 lata,
160 3739 263 3821 scripta
276 3740 329 3803 sub
342 3758 415 3802 anno
434 3739 488 3802 oti
501 3746 712 3817 M⁰CC.XC⁰V⁰,
723 3739 869 3802 continens
885 3751 966 3819 pacta
984 3751 1013 3800 et
1028 3755 1155 3800 conven-

80 3836 174 3898 ciones
187 3837 274 3900 lactas
286 3837 358 3899 inter
370 3849 512 3920 potentem
527 3837 616 3900 virum
636 3837 714 3900 dom.
731 3835 883 3898 Amedeum
902 3834 1029 3898 comitem
1046 3834 1156 3898 sabau-

78 3931 125 3994 die
135 3951 170 3994 en
180 3953 235 3997 urta
249 3946 328 4015 parte
342 3947 369 3996 et
379 3933 500 3996 inclitam
510 3933 586 3996 dom.
604 3933 788 4016 B(eatricem)
800 3931 939 3994 dominam
951 3931 1110 4014 Fucigniaci
1120 3953 1156 3996 ex

80 4029 179 4108 altera,
188 4051 271 4112 super
279 4031 471 4112 assignacione
486 4030 576 4094 eidem
583 4029 675 4093 comiti
689 4030 761 4093 facta
771 4049 822 4112 per
834 4029 901 4093 dict.
917 4028 1057 4094 dominam
1072 4049 1156 4112 super

79 4139 173 4188 castro
197 4127 232 4189 de
245 4135 369 4212 Versoya
394 4141 422 4190 et
445 4127 641 4190 mandamento
657 4125 781 4207 ejusdem
795 4139 823 4190 et
836 4143 920 4207 super
935 4123 1025 4188 leudis
1041 4144 1096 4208 que
1118 4126 1153 4189 ab

80 4223 181 4286 eadem
194 4226 326 4292 tenebant
339 4227 418 4291 dom²
432 4235 526 4292 Leonta
542 4226 578 4290 de
591 4228 677 4310 Jacy'o
687 4240 715 4290 et
727 4227 804 4291 dom.
820 4223 982 4289 Guillelmus
1000 4223 1059 4304 ejus
1070 4221 1152 4299 filius,
