2842 4900
506 425 717 506 —203-'

107 577 183 638 ¹¹34·
201 565 280 634 Item,
307 557 394 638 quod.
416 557 494 639 publ.
515 558 729 620 instrumentum
754 558 886 640 scriptum
916 577 999 620 manu
1029 557 1132 619 ttumb¹

5 645 6 686 ³
72 657 140 718 Pilati
151 669 178 718 et
190 654 375 736 subscriptum
389 667 418 717 ot
430 654 570 736 signatum
585 673 668 717 manu
679 654 811 736 Stephani
826 655 976 731 blachisii,
991 653 1133 717 habitetu-

5 785 6 804 2
70 755 101 816 ris
114 751 244 834 Lugduni,
260 752 431 816 notariorum
448 752 552 833 public.
568 752 620 815 sub
634 771 708 815 annu
720 751 774 814 oti
790 757 1017 828 Mtcccutxxt,
1027 751 1131 824 indict.

5 879 6 932 3
70 864 132 925 tritt,
144 849 186 912 die
198 861 271 912 tutu
284 849 388 912 mensis
401 849 523 930 augusti,
535 848 681 912 continens
690 848 927 930 composicionem
935 849 1038 912 fuctum
1050 867 1135 929 super

5 939 7 1010 ὲ
70 946 179 1028 pluribus
192 960 220 1010 et
238 945 357 1010 diversis
368 945 469 1010 debitis
483 959 512 1008 et
531 964 616 1026 super
636 958 711 1007 terra
725 945 859 1009 Aruernis
873 945 1013 1009 interillem
1023 944 1136 1027 ‘princi-

5 1071 7 1106 t
71 1061 124 1124 pem
137 1043 209 1106 dom.
226 1041 383 1124 Guigonem
393 1042 554 1124 dalphinum
566 1059 665 1105 muna
675 1043 953 1123 purteetlohannem
963 1040 1133 1138 Raymuudi,

5 1147 7 1188 ὲ
69 1141 220 1222 burgensem
232 1139 268 1202 de
284 1140 433 1220 Lugduno,
451 1159 486 1228 9¹
513 1139 610 1215 ultera,
625 1158 680 1221 que
708 1138 820 1220 quidem
835 1139 1006 1222 composicio
1027 1152 1056 1204 et
1069 1157 1137 1202 con-

5 1267 7 1302 .
71 1237 153 1300 cordia
168 1237 270 1318 inipso
283 1236 374 1300 insul*
386 1237 494 1318 plenius
507 1236 689 1300 continetur«

106 1353 184 1415 rt35.
207 1341 288 1411 ltem,
313 1333 401 1416 quod.
420 1334 498 1415 publ.
521 1333 733 1396 instrumentum
759 1333 893 1414 scriptum
924 1351 1009 1396 manu
1035 1335 1136 1397 Humb¹

6 1419 7 1490 Ῐ
73 1431 168 1512 (Pilati)
181 1443 210 1494 et
223 1429 411 1511 subscriptum
436 1450 520 1494 manu
536 1430 620 1512 Guig.
637 1430 778 1494 Frumenti
796 1443 824 1493 et
835 1428 932 1492 Jacobi
945 1431 982 1492 dc
1007 1435 1137 1514 Vergeyo

72 1542 132 1591 nott.
143 1527 229 1608 pubb.
241 1527 294 1590 sub
305 1546 379 1592 auno
391 1527 445 1590 Diti
458 1527 834 1609 u⁰cc(c)⁰xxxvtttt‚die
844 1541 936 1590 xxvtu
944 1527 1049 1592 mensis
1057 1527 1136 1608 junii,

7 1707 8 1710 Ἴ
72 1625 201 1688 continens
214 1624 452 1708 composicionem
466 1624 566 1688 factam
580 1624 653 1689 inter
665 1625 725 1688 illem
741 1624 894 1706 principem
905 1624 982 1687 dom.
1000 1625 1138 1687 Humber·

7 1735 8 1738 ’
70 1735 116 1786 tum
128 1723 284 1805 dalphinum
301 1722 487 1786 Viennensem
501 1735 529 1786 et
541 1723 695 1786 lohannem
722 1723 890 1806 Ruymondi,
913 1723 1003 1786 ciuem
1019 1721 1138 1805 Lugdu·

73 1839 183 1884 oensem.

109 1920 188 1998 ¹¹3⁶·
213 1926 294 1995 Item,
318 1919 405 2001 quod.
435 1918 513 2002 publ.
541 1915 754 1983 instrumentum
780 1919 912 2000 scriptum
931 1935 1015 1982 manu
1037 1919 1138 1982 Humb¹

75 2007 142 2082 Pilati
155 2031 181 2080 et
192 2017 380 2098 subscriptum
394 2036 479 2080 muno
493 2016 680 2081 lobannisde
694 2023 784 2080 Puteo
800 2029 872 2080 nott.
888 2014 977 2097 pubb.
995 2016 1047 2079 sub
1064 2035 1138 2079 anno

76 2109 515 2191 onituccctxxxsstu,indic.
534 2133 567 2191 tt,
585 2113 630 2176 die
652 2127 705 2176 xu³
731 2113 834 2176 mensis
862 2112 969 2190 marcii,
993 2113 1139 2176 continens

74 2213 137 2293 quod
148 2212 194 2276 itt·
203 2211 333 2294 princeps
348 2211 424 2274 dom.
449 2210 620 2274 ttumbertus
636 2209 783 2291 delphinus
796 2210 959 2274 Viennensis
985 2209 1099 2274 tradidit
1111 2209 1139 2272 ln

9 2389 10 2392 Ἴ
75 2309 178 2373 solutum
195 2309 316 2372 lohanni
332 2308 500 2392 Raymondi,
517 2307 650 2390 burgensi
667 2308 703 2372 de
718 2308 867 2390 lugduno,
883 2321 986 2371 terram
998 2326 1077 2370 suurn
1090 2307 1141 2370 Al-

76 2407 167 2484 ucmie,
179 2407 265 2472 salvis
280 2407 332 2472 sibi
349 2407 406 2471 suis
418 2405 670 2488 protestationibus
682 2419 711 2468 et
732 2405 792 2486 iure
801 2405 853 2469 sibi
865 2404 940 2470 dicto
958 2403 988 2468 d.
1009 2405 1140 2489 delphino

77 2505 283 2584 conpetentibus
296 2505 326 2570 in
340 2503 483 2586 predictis.

112 2604 390 2684 1137.nem‚qu0d.
409 2602 487 2684 publ.
510 2601 722 2666 instrumentum
739 2600 872 2682 scriptum
898 2601 928 2664 in
950 2619 999 2666 scs
1024 2600 1142 2684 pellibus

11 2716 12 2720 ’
78 2701 245 2782 pergamineis
260 2701 341 2764 simul
354 2701 455 2782 junctis
473 2721 557 2764 manu
571 2701 716 2765 Ponczoni
732 2699 899 2765 Licburicilli
912 2700 1013 2766 notarii
1031 2702 1101 2783 pub.
1114 2713 1143 2766 et

11 2817 12 2822 ¹
78 2795 197 2878 signatum
211 2797 340 2862 manibus
355 2798 488 2863 lobannis
502 2797 663 2860 Amandrini
691 2811 720 2862 et
746 2797 882 2880 Guigunis
900 2797 1140 2862 Leuczonisnott.

79 2894 163 2972 pubb.,
177 2896 327 2976 sigillatum
343 2895 434 2978 sigillo
448 2896 546 2975 judicis
562 2910 636 2958 terre
648 2895 756 2972 Turris,
772 2896 838 2960 data
854 2895 986 2976 cujusest
1001 2896 1054 2958 sub
1068 2915 1142 2960 anno
1203 2956 1207 2962 .

81 2991 123 3052 biti
140 2999 405 3069 tt⁰ccc⁰xxx1x⁰,
430 2992 476 3058 die
488 3007 510 3054 ι’
532 2993 635 3056 mensis
657 2992 737 3072 junii,
758 2992 904 3055 continens
926 2991 1142 3074 publicationem

80 3106 254 3171 computorum
268 3106 297 3156 et
324 3092 461 3155 rationum
478 3092 635 3156 reddituum
652 3105 680 3156 et
705 3076 910 3155 obuencionum
936 3090 1052 3154 baronis
1069 3104 1143 3154 tetre

81 3187 159 3252 Turris
171 3202 200 3252 et
209 3189 314 3252 Montis
328 3189 435 3272 lupelli
444 3190 479 3253 ud
493 3203 617 3255 eternam
631 3189 671 3252 rei
682 3189 843 3252 memoriam
856 3187 1075 3270 perhabendam.

114 3286 191 3362 1138.
218 3293 298 3362 ltem,
330 3287 417 3368 quod.
444 3287 522 3370 publ.
544 3287 757 3350 instrumentum
783 3286 915 3368 scriptum
946 3305 1029 3348 manu
1057 3283 1141 3367 eug.

82 3383 205 3448 tumenti
217 3398 279 3448 not.
302 3384 370 3466 pub.
389 3384 441 3448 sub
462 3403 537 3448 anno
550 3384 605 3448 Dni
622 3390 874 3460 M⁰CCC⁰XXXV⁰,
889 3381 976 3447 indic.
993 3394 1048 3459 uu,
1064 3381 1109 3444 die
1124 3399 1142 3444 u

17 3487 24 3504 ·
82 3480 166 3542 nensis
177 3481 284 3558 marcii,
300 3481 445 3546 continens
457 3482 615 3564 homagium
629 3481 724 3564 ligium
734 3480 879 3563 prestitum
889 3499 940 3562 per
954 3485 1142 3563 llymuronum

82 3587 103 3636 et
118 3579 280 3659 Stephanum
295 3578 332 3642 de
346 3578 457 3644 Chumo
473 3580 553 3642 doru⁰
583 3592 680 3642 nostru
694 3578 724 3641 d.
746 3578 902 3641 llumberto
916 3575 1047 3657 delphino
1056 3575 1145 3640 Vien-

82 3674 159 3750 nensi,
172 3689 199 3738 et
211 3690 438 3764 recognovcrunt
461 3677 497 3740 ub
523 3696 559 3741 co
575 3690 673 3740 tenere
702 3674 768 3738 illud
799 3674 875 3757 quod
902 3673 1043 3738 habebunt
1068 3674 1143 3756 apud

15 3812 16 3836 r
84 3773 198 3836 Sanctum
214 3773 366 3839 Barbatum
394 3787 569 3855 utresque
594 3771 1144 3854 condumtueruntdom¹ltugonisde

16 3917 17 3920 ,
86 3869 172 3934 lnsulu.
620 3891 623 3896 ·

120 3984 195 4050 ¹¹39·
212 3978 290 4048 item,
306 3973 393 4054 quod.
405 3972 443 4036 al.
460 3971 538 4054 publ.
559 3972 772 4036 instrumentum
793 3970 926 4052 scriptum
943 3987 1027 4034 manu
1043 3969 1143 4032 llumb‘

87 4061 153 4128 Pilati
166 4082 221 4134 not.
236 4070 303 4151 pub.
325 4070 377 4136 sub
389 4089 463 4134 unno
481 4071 535 4133 Diti
551 4077 849 4147 M⁰Ccc0xxxvlll⁰‚
864 4068 949 4132 indic.
975 4083 1026 4143 uu,
1044 4069 1090 4130 die
1100 4066 1144 4130 ul-

86 4157 140 4226 unu
151 4167 248 4234 mensis
260 4167 369 4244 marcii,
387 4167 621 4250 continensquod
637 4168 684 4230 fflr.
709 4183 738 4232 cr
755 4166 919 4250 magnificus
937 4165 1046 4247 princip
1065 4163 1141 4227 dom.
