2842 4900
734 433 916 482 -202-

329 550 415 612 rrrli.
433 557 514 626 lton,
525 549 612 632 quod.
628 550 665 612 al.
684 549 897 612 instrumentum
914 547 992 628 publ.
1009 547 1144 628 scriptum
1165 565 1244 610 manu
1255 546 1346 626 Golgo-

285 648 327 712 nis
340 648 423 711 coire
435 647 536 711 notarii
548 646 626 729 publ.
644 646 696 710 sub
710 665 784 710 anno
802 645 857 708 Diri
871 643 1137 721 accendistis.
1150 657 1223 720 vuit,
1238 642 1346 722 dicioris

285 746 463 826 postiemum
478 747 509 808 b‘
540 745 731 822 standalenes
759 745 906 808 continens
935 742 1010 824 quod
1039 743 1116 806 dom.
1147 742 1306 806 humbertus
1319 741 1347 802 de

286 839 458 917 nmmos,
475 841 635 928 capellanus
648 842 722 906 dom¹
739 840 885 906 llumbemi
900 839 938 904 de
949 839 1057 906 Vilatt'is
1072 853 1102 904 et
1112 853 1274 921 procurator
1286 838 1348 917 siut·

284 937 360 1014 dem,
376 937 522 1002 confessus
535 938 586 1003 brit
598 959 628 1002 se
640 939 770 1004 bebuisse
795 939 907 1002 nornine
929 937 996 1002 dicti
1013 937 1116 1003 domini
1141 937 1184 1002 sui
1204 937 1239 1001 ab
1256 936 1348 1000 Andros

286 1034 372 1114 suppl
384 1034 494 1098 noterio
516 1049 545 1099 st
574 1042 714 1100 Peroneto
729 1035 823 1111 Fabri,
847 1035 1022 1100 solvencium
1036 1033 1149 1099 nomine
1162 1033 1209 1096 ill·
1223 1032 1272 1098 viri
1284 1032 1347 1094 dom.

285 1138 297 1190 t
301 1131 417 1196 ohannis
426 1132 548 1213 dalphini
561 1133 736 1209 Viennensis,
746 1132 913 1215 quantitates
920 1132 1055 1214 peccunie
1066 1129 1349 1211 infrascriptasrprimo

286 1245 313 1289 nr
325 1227 409 1292 libras
421 1242 449 1292 et
458 1247 509 1293 xrn
519 1229 601 1292 solid.
611 1249 640 1292 vt
654 1230 922 1312 denamgrossorum
932 1229 968 1293 de
976 1237 1051 1292 rtnrr‘a
1065 1227 1163 1290 solidis
1172 1227 1246 1294 bone
1255 1239 1348 1290 monete

285 1325 400 1403 veteris,
417 1326 483 1390 item
505 1345 543 1390 vn
562 1327 626 1394 libr.
640 1345 659 1390 v
672 1329 726 1392 sol.
742 1342 771 1392 et
783 1347 802 1392 r
816 1329 882 1392 den.
899 1347 1060 1410 grossorum
1073 1333 1217 1391 Toronen.
1234 1339 1261 1392 et
1272 1325 1349 1407 pluns

286 1421 353 1486 alias
369 1423 486 1486 indicto
509 1424 599 1487 instro
613 1438 769 1490 contentas.
1231 1411 1235 1419 ¹

330 1536 414 1600 ¹¹29·
434 1527 515 1599 item,
536 1521 623 1603 quod.
637 1522 677 1608 al.
707 1523 920 1588 instrumentum
934 1523 1068 1604 scriptum
1094 1541 1178 1586 manu
1196 1519 1310 1582 Bertheti
1322 1519 1349 1578 de

287 1624 413 1701 Gemeys
428 1620 540 1697 notarii,
556 1620 608 1684 sub
622 1640 697 1684 anno
709 1622 763 1684 uni
777 1627 1050 1698 bt⁰CCC0XXX1X0,
1063 1621 1149 1684 indic.
1164 1632 1227 1695 vtt³‚
1243 1618 1283 1680 die
1292 1631 1346 1682 uti-'¹

285 1715 479 1796 mensisjunii,
503 1717 649 1780 continens
674 1718 750 1799 quod
778 1718 885 1782 Giletus
904 1718 940 1784 de
958 1718 1066 1794 Balma,
1093 1716 1298 1783 Bartholomeus
1322 1713 1350 1774 de

287 1819 388 1880 sancta
401 1814 505 1892 tollito,
523 1815 661 1878 Galerius
677 1815 713 1878 de
736 1816 831 1880 Gerbo
852 1829 881 1878 et
906 1816 1069 1882 Guilelmus
1090 1805 1226 1898 Rub'arudi
1250 1809 1350 1878 confessi

286 1909 398 1975 fuerunt
412 1930 443 1977 se
458 1931 519 1974 esse
533 1911 659 1976 homines
674 1912 755 1994 ligius
772 1912 847 1977 dom*
857 1912 980 1994 dalphini
994 1912 1168 1976 Viennensis.

298 2063 300 2068 ,
331 2025 415 2087 tiro.
430 2015 509 2085 item,
522 2010 607 2090 qued.
622 2010 717 2072 lietera
729 2009 820 2090 sigillo
831 2009 1036 2091 dom¹dalphini
1050 2010 1079 2074 in
1092 2007 1230 2091 pendenti
1240 2007 1349 2090 sigillata,

239 2157 243 2166 .
286 2105 390 2188 scripta
405 2107 457 2170 seb
473 2125 548 2170 anno
559 2107 614 2170 Diri
629 2113 783 2184 M0CC001,
796 2107 942 2172 continens
958 2107 1034 2188 quod
1051 2107 1128 2172 dom.
1147 2105 1350 2188 dalphinuspre

285 2203 353 2266 dict.
371 2204 555 2269 confitebatur
568 2204 698 2268 babuisse
716 2219 745 2268 et
760 2205 899 2286 recepisse
912 2225 929 2270 a
942 2206 1098 2270 lobannete
1113 2205 1170 2270 filia
1184 2205 1350 2270 condemno
1403 2227 1404 2286 3

286 2300 350 2364 bilia
359 2303 495 2394 Ayrnonis
506 2303 542 2366 de
557 2302 712 2376 Bososello‚
732 2303 836 2366 domini
846 2303 966 2368 condam
980 2303 1016 2366 de
1034 2302 1089 2366 Mal
1107 2309 1177 2380 Bec,
1193 2317 1224 2368 et
1237 2298 1349 2381 recogni-

287 2398 397 2463 c'mnem
408 2400 555 2464 feudorum
568 2420 622 2483 que
636 2399 750 2464 tenebat
769 2400 804 2465 ab
823 2400 933 2477 eodem,
942 2419 1003 2481 pro
1017 2399 1118 2482 quibus
1134 2400 1228 2482 ipsum
1239 2396 1351 2466 investie-

287 2496 337 2564 bet
352 2496 389 2560 de
398 2498 480 2564 dictis
493 2499 594 2562 leudis.

332 2613 418 2674 trrr.
438 2601 519 2672 item,
535 2597 622 2678 quod.
641 2597 719 2678 publ.
743 2597 956 2662 instrumentum
972 2597 1016 2678 (ut
1036 2597 1136 2679 1119),
1156 2596 1352 2664 continentio-

288 2693 409 2774 Qum
419 2693 514 2774 ligium
528 2694 673 2776 prestitum
683 2695 761 2759 dom⁰
775 2695 906 2777 dalpbino
919 2713 970 2777 per
983 2696 1060 2760 dom.
1075 2695 1214 2760 Tbomarn
1230 2695 1265 2760 de
1276 2693 1352 2758 otoo
1402 2757 1403 2762 ,

288 2788 335 2852 riis
348 2789 473 2866 militem,
497 2803 525 2853 et
541 2791 616 2872 quod
629 2791 759 2857 dominus
783 2805 879 2858 noster
892 2791 1010 2874 predict.
1027 2791 1079 2856 sibi
1089 2791 1168 2856 dedit
1191 2813 1212 2858 x
1235 2793 1311 2856 libras
1331 2789 1353 2850 in
1402 2791 1403 2842 l

288 2885 443 2950 redditibus
462 2899 491 2950 et
508 2887 652 2952 consessus
666 2889 717 2952 fuit
733 2889 809 2954 idem
837 2889 867 2954 d.
892 2889 1014 2952 Thomas
1039 2907 1069 2954 se
1095 2901 1192 2954 tenere
1222 2910 1239 2954 a
1258 2886 1353 2954 dorico

289 2983 415 3066 predicto
428 3004 446 3046 x
463 2984 548 3050 libras
561 2984 597 3049 de
613 2986 767 3052 redditibus
779 3005 848 3068 quar
869 2986 988 3075 percipit
1000 2985 1029 3051 in
1044 2998 1136 3050 castro
1150 2984 1187 3047 de
1204 2993 1322 3054 Tretous
1332 2994 1355 3046 tt

288 3081 417 3146 debello
433 3082 593 3164 Regnardo.
870 3091 872 3096 '

332 3198 417 3256 ¹¹32·
433 3187 514 3257 ltem,
524 3180 610 3262 quod.
627 3180 704 3261 publ.
716 3181 928 3246 instrumentum
942 3179 1075 3260 scripturn
1089 3199 1173 3245 manu
1185 3177 1314 3262 Aymonis
1324 3174 1353 3240 dc

288 3287 384 3344 Torna
408 3279 458 3342 Fol
477 3279 577 3342 notarii
589 3279 668 3360 publ.
685 3279 738 3343 sub
763 3297 837 3342 anno
860 3279 915 3344 Dii
933 3273 1097 3354 weced&
1118 3277 1205 3346 indic.
1223 3271 1353 3352 traundis
1401 3341 1402 3348 χ

273 3375 359 3456 'jovis
372 3375 400 3438 in
414 3375 485 3438 lesto
500 3376 526 3438 b¹
546 3376 734 3438 Bartholomei
749 3376 879 3457 apostoli,
900 3375 1045 3439 continens
1068 3375 1228 3456 homagium
1243 3388 1270 3440 et
1285 3385 1355 3440 rott-
1401 3375 1402 3399 ³

289 3473 446 3555 gnicionem
458 3473 562 3536 lactum
577 3486 605 3536 et
618 3473 718 3537 facum
733 3473 811 3538 dom⁰
833 3474 990 3538 llumberto
1005 3472 1137 3555 dalpbino
1152 3493 1203 3554 per
1216 3473 1352 3540 rotonam

288 3570 371 3634 filiam
383 3569 484 3634 nobilis
497 3570 631 3652 Aymonis
645 3570 680 3634 de
697 3570 852 3646 boterello,
871 3584 900 3634 et
912 3570 1080 3653 recognovit
1092 3589 1123 3636 so
1138 3583 1243 3642 tenere
1260 3563 1354 3632 adoro⁰

290 3668 421 3750 delphino
431 3681 522 3732 castra
535 3668 571 3730 de
581 3667 757 3744 chesanova,
776 3667 811 3732 de
827 3667 883 3732 ital
894 3674 962 3744 Bec,
978 3667 1065 3732 deles
1080 3673 1226 3747 Eapmres,
1243 3660 1352 3731 stolato

292 3765 394 3830 Montis
410 3765 558 3846 Leopardi.

334 3879 421 3941 ¹¹³3·
441 3871 520 3940 item,
536 3863 620 3946 qued.
640 3863 735 3928 lietera
746 3862 892 3926 continens
901 3857 1021 3943 pactast
1034 3859 1243 3932 conversiones
1252 3859 1319 3928 tacta
1332 3865 1356 3920 et
1400 3866 1401 3889 ¹

290 3960 378 4022 factas
390 3960 462 4023 inter
477 3961 536 4023 illem
549 3961 639 4024 virum
654 3961 730 4024 dom.
755 3960 938 4024 Humbertum
958 3960 1118 4042 dalphinum
1134 3960 1312 4023 Viennensem
1327 3969 1354 4012 ex

291 4075 346 4120 una
354 4069 433 4138 parte
444 4058 589 4124 etlratrem
604 4068 758 4143 Aymonem
772 4059 901 4124 abbatem
913 4058 1007 4126 Sancti
1018 4056 1176 4125 Theollredi
1190 4069 1218 4121 et
1232 4055 1289 4136 ejus
1299 4067 1355 4112 con-

292 4168 405 4218 ventum
420 4174 455 4218 ex
474 4155 570 4220 altera.
