2936 4898
561 405 716 520 ‘.„..

117 585 196 635 casuo
211 573 305 636 Sancti
319 573 449 637 Anthonii
465 573 500 636 de
515 581 603 648 Mota,
619 574 654 636 de
667 592 723 655 quo
735 585 828 636 castro
840 573 931 636 dictus
945 574 1021 638 dom.
1035 575 1182 658 dalphinus

117 670 232 732 eumdem
243 671 416 734 odobertum
433 670 610 753 postmodum
624 670 766 734 investivit
779 684 807 733 et
823 671 882 751 ipse
896 671 1056 736 odobertus
1069 673 1182 736 conles-

118 767 217 829 sus.iuit
230 787 261 829 se
273 781 370 830 tenere
384 768 420 830 ab
434 768 534 830 eodem
551 768 628 829 dom.
646 767 777 848 dalphino
793 766 898 830 dictum
912 781 1032 831 castrum
1047 768 1183 833 reddibile

117 862 186 923 adv⁴
206 863 310 926 solidos
334 863 370 925 de
396 863 659 946 deteri(or)acione,
681 863 814 944 scripturn
840 883 922 928 manu
947 865 1021 928 Petri
1047 865 1182 928 Guillelmi

117 959 204 1020 notarii
218 960 270 1022 sub
285 979 360 1022 anno
377 961 431 1023 Dr‘ri
448 962 672 1036 M011⁶XLVlll⁰,
689 960 778 1042 pridie
793 960 906 1023 kalend.
920 961 977 1040 julii
993 975 1013 1023 ¹.

155 1059 214 1119 126.
232 1065 311 1133 Item,
328 1058 413 1140 qued.
429 1058 525 1121 lietera
540 1057 658 1139 sigillata
676 1057 767 1138 sigillo
784 1057 903 1120 Silvonis
923 1057 958 1120 de
975 1065 1075 1133 lleras,
1091 1059 1184 1122 conti-

118 1173 175 1216 nens
187 1155 410 1236 recognitionem
424 1154 525 1218 factam
541 1173 591 1235 pet
604 1153 708 1216 dictum
726 1153 876 1236 Sylvonem
890 1153 926 1216 de
942 1161 1043 1238 Heras,
1054 1154 1183 1218 dedomo

118 1268 158 1310 sua
170 1251 221 1314 sita
234 1252 261 1312 in
277 1265 371 1314 castro
392 1251 427 1313 de
449 1259 539 1314 Heras
561 1265 590 1313 et
609 1250 646 1313 de
662 1251 791 1314 omnibus
805 1251 862 1314 suis
878 1251 961 1314 rebus
974 1251 1033 1314 sitis
1047 1251 1077 1314 ln
1091 1265 1183 1315 castro

118 1361 140 1409 et
152 1350 343 1413 mandamento
358 1350 394 1412 de
409 1357 498 1413 Heras
510 1362 538 1412 et
554 1350 589 1411 de
604 1349 724 1431 pedagio
748 1349 823 1431 quod
838 1349 922 1412 habet
935 1349 963 1410 in
979 1348 1054 1412 dicto
1068 1350 1131 1413 loco
1148 1350 1183 1414 de

120 1452 208 1524 lleras,
224 1467 277 1529 que
292 1449 385 1510 omnia
405 1448 550 1511 consessus
570 1447 622 1510 furit
637 1466 668 1509 se
688 1460 785 1510 tenete
808 1447 886 1510 dom⁰
909 1447 1028 1530 Guigoni
1051 1449 1183 1532 delphino

118 1542 261 1620 reddibilia,
279 1545 382 1626 scripta
397 1543 449 1607 sub
464 1564 537 1607 anno
554 1544 608 1606 uni
624 1545 806 1620 ntutctxvl,
826 1563 921 1606 mense
938 1543 1001 1606 maii
1012 1555 1035 1607 ².

88 1691 93 1706 .
154 1657 217 1718 ¹27·
234 1649 314 1718 ltern,
334 1641 419 1723 quod.
435 1642 648 1704 instrumentum
664 1640 796 1721 scripturn
811 1659 893 1704 manu
907 1642 1040 1724 aymonis
1059 1642 1095 1704 de
1109 1648 1184 1705 Tor-

118 1737 180 1798 talul
193 1737 231 1799 de
244 1737 442 1818 Montelupello
457 1737 557 1800 notarii
580 1735 671 1818 publ,
694 1738 746 1800 sub
768 1756 842 1799 anno
865 1738 919 1799 uni
946 1739 1182 1815 M⁰11⁶Lxllvll⁰,

118 1831 201 1896 indict.
221 1853 272 1911 vra,
287 1835 334 1896 die
353 1835 481 1898 mercurii
504 1847 568 1915 post
587 1834 687 1896 festum
706 1834 863 1898 Natiuitatis
888 1835 1009 1910 Domini,
1038 1833 1184 1898 continens

119 1929 182 2008 quod
196 1931 292 1994 Drodu
307 1932 436 1994 dominus
451 1932 488 1994 de
502 1931 581 1994 Bello
596 1930 697 1994 Videre
716 1930 752 1992 de
773 1936 868 1993 Marco
883 1943 912 1994 et
929 1930 965 1993 de
981 1930 1080 1992 Pineto
1101 1949 1184 1993 reco-

119 2027 201 2104 gnovit
216 2028 307 2098 dom⁰‚
319 2026 473 2090 Humberto
490 2027 603 2090 domino
627 2027 663 2088 de
678 2032 767 2088 Turre
790 2045 820 2088 se
845 2039 941 2088 tenere
955 2025 1028 2088 dicta
1042 2037 1133 2088 castra
1156 2039 1184 2087 et

118 2123 241 2186 territuria
257 2124 419 2186 eorumdem
433 2125 469 2186 ab
485 2124 584 2187 eodem
602 2123 680 2185 dom⁰
702 2122 886 2204 Htumberto)
910 2121 1054 2185 reddibilia
1077 2122 1184 2184 ratione

118 2218 219 2284 baronie
235 2223 272 2284 de
289 2229 379 2284 Turre
390 2235 412 2284 ³.

156 2319 213 2378 128.
233 2326 315 2394 ltem,
335 2317 409 2380 aliud
435 2318 647 2380 instrumentum
668 2316 815 2379 continens
830 2316 904 2398 quod
921 2315 995 2377 dom¹
1019 2329 1183 2378 executores

118 2414 260 2476 testamenti
276 2413 350 2475 dom¹
365 2413 498 2496 Aymarii,
513 2413 654 2495 quondam
668 2412 772 2474 domini
785 2412 820 2474 de
835 2418 962 2494 Anonay,
982 2411 1101 2474 conlessi
1121 2411 1185 2474 lue-

119 2523 174 2572 runt
185 2511 258 2592 quod
274 2511 436 2573 Guillelmus
449 2510 484 2572 de
500 2509 676 2587 Rossillione,
692 2510 773 2572 heres
784 2509 870 2591 ipsius
884 2509 1035 2592 Ay(mari),
1054 2509 1090 2572 de
1103 2529 1185 2572 man-

99 2605 174 2676 ,dato
188 2608 311 2690 ipsorum
327 2621 509 2689 exequtorum
529 2607 612 2670 solvit
630 2621 658 2670 et
671 2606 839 2683 emendavit,
858 2627 909 2689 pro
929 2607 1096 2671 clamoribus
1119 2608 1184 2671 dicti

119 2701 181 2764 dom¹
194 2713 244 2788 Ay.
262 2719 291 2768 et
306 2705 386 2768 dome
402 2704 544 2767 Arthaude
566 2704 659 2766 uxoris
681 2723 741 2780 sue,
758 2707 806 2766 pn
823 2704 954 2766 librarum
971 2705 1109 2767 viennen.
1129 2723 1184 2766 una

118 2803 306 2884 cumpluribus
320 2803 434 2866 summis
450 2803 479 2864 in
493 2802 568 2866 dicto
585 2802 768 2864 instrumento
788 2803 944 2879 contentis,
954 2803 1087 2884 scriptum
1101 2820 1185 2863 manu

120 2897 233 2962 Rollandi
248 2901 282 2963 de
297 2907 401 2964 Sancto
417 2898 553 2962 Michaele
566 2899 666 2960 notarii
681 2897 758 2980 publ.
776 2898 828 2962 sub
842 2918 916 2962 anno
939 2906 1076 2962 lncarnat.
1096 2899 1184 2961 Dulce

119 2999 348 3073 M⁰11⁰Lxxl111⁰,
367 2997 413 3059 die
425 2997 490 3058 lune
502 3008 567 3076 post
582 2993 697 3058 octabas
714 2995 947 3058 Pentbecostes4.

156 3111 216 3174 129.
233 3101 311 3172 Item,
330 3094 415 3175 qued.
434 3093 524 3155 littera
537 3092 654 3173 sigillata
666 3091 694 3152 in
708 3091 840 3172 pendenti
854 3092 974 3173 quodam
988 3090 1078 3172 sigillo
1089 3109 1183 3166 cereo,

118 3190 252 3253 continens
266 3191 415 3272 quamdam
438 3188 669 3270 permutationem
685 3187 786 3250 factam
801 3187 914 3250 domino
934 3187 970 3250 de
990 3187 1068 3249 Bello
1084 3185 1186 3250 Videre

118 3285 148 3346 de
161 3287 321 3368 quibusdam
337 3286 467 3350 censibus
484 3305 534 3367 pet
547 3286 707 3348 anselmum
725 3285 875 3366 Propositi,
892 3283 943 3347 sub
970 3302 1043 3346 anno
1065 3284 1119 3344 Dr'ti
1145 3290 1186 3344 Μο

119 3383 258 3446 tlltxvr.
739 3393 743 3402 '

156 3496 163 3538 t
172 3495 215 3556 30.
234 3487 313 3557 ltem,
330 3480 418 3561 quod.
433 3479 552 3541 vidimus
565 3493 721 3541 emanatum
737 3499 753 3540 a
768 3494 835 3539 venu
850 3477 910 3539 vito
934 3474 1043 3538 officiali
1070 3476 1186 3557 Lugdu·

117 3575 198 3650 nensi,
213 3577 359 3639 continens
371 3576 544 3658 privilegium
561 3590 589 3638 et
604 3576 781 3638 donationem
793 3575 894 3636 factam
909 3592 961 3654 per
981 3573 1185 3636 serenissimum

117 3668 259 3752 principem
271 3673 349 3734 dom.
369 3672 518 3734 Henrlcum
531 3673 581 3735 Dei
595 3672 682 3753 gratia
696 3679 884 3733 Romanomm
895 3689 1001 3752 regem,
1017 3671 1053 3733 de
1066 3671 1186 3754 pedagio

117 3779 243 3854 perpetuo
258 3766 378 3830 levando
391 3767 465 3848 apud
486 3767 704 3848 Albamrippam,
722 3767 854 3848 scriptum
868 3784 942 3829 anno
958 3767 1012 3830 oni
1028 3771 1183 3832 M⁰111⁰xt

152 3977 172 4015 t.
186 3960 225 4014 En
240 3978 273 4014 m.
287 3963 320 4016 Aa
334 3960 481 4018 Ponendum
495 3977 550 4016 cunt
565 3958 656 4016 litteris
669 3957 845 4035 Capriliarunt.
861 3991 895 4001 -
911 3977 935 4034 .²·
951 3960 990 4014 En
1008 3979 1041 4016 m.
1067 3963 1088 4015 A
1114 3960 1185 4016 Ultra

118 4028 254 4102 Rodanum,
268 4032 300 4084 Aa
313 4033 459 4090 Ponendum
474 4048 529 4086 cunt
544 4029 635 4087 licteris
650 4031 763 4086 Albonis.
779 4061 813 4071 -
831 4049 854 4103 3.
870 4031 908 4086 En
919 4049 953 4086 m.
968 4032 1001 4085 A³
1013 4029 1185 4108 TurrisPini.

119 4129 147 4138 -
161 4117 182 4171 5.
197 4101 236 4154 En
250 4118 283 4156 nt.
296 4105 331 4157 Aa
345 4101 468 4176 Loquitur
482 4100 513 4157 de
526 4109 675 4157 testamento
693 4102 720 4157 d.
740 4101 843 4173 :tymari
861 4102 893 4156 de
913 4103 1035 4172 Annonay
1049 4110 1076 4157 et
1089 4101 1186 4158 videtur

118 4171 178 4242 quod
188 4187 238 4227 non
252 4170 338 4228 debeat
351 4171 551 4246 deputrari).-
561 4189 583 4244 5.
598 4172 637 4226 En
652 4189 684 4228 m.
701 4173 735 4225 ,qa
746 4169 892 4230 Ponendum
902 4189 957 4228 cum
968 4169 1058 4227 licteris
1068 4169 1181 4227 Albonis.
