2730 4754
585 395 626 409 ..
650 380 766 442 no-

141 494 226 575 Regir
240 492 353 569 notarii,
370 492 422 556 sub
442 492 590 557 nunnoni
606 496 803 570 tl⁰ll⁶llc⁰v⁰,
826 493 915 557 indic.
935 506 1014 571 ιιιιι·,
1039 506 1088 556 ιιιο
1105 494 1202 557 kalend

138 589 244 673 aprilio,
268 590 416 655 confinem
433 588 659 673 rmngnicionem
674 588 776 655 lamam
799 589 880 653 ιιοιιιο
904 589 1057 671 Rodulpbo
1074 590 1114 654 de
1131 597 1202 655 luter

136 686 279 751 montibus
290 705 342 771 per
358 693 507 769 llugnnem
520 686 557 753 de
566 686 679 768 Capella
689 686 726 751 de
738 693 838 765 Barro¹
849 686 904 753 alti
918 685 1202 770 villammeium

137 802 185 847 rur
205 783 257 847 fuit
275 802 307 851 te
326 796 424 849 tenere
441 803 460 847 a
487 783 563 847 dicto
585 782 663 847 dom.
689 783 763 846 Rnd.
787 783 980 867 possessiones
998 783 1106 865 inipso
1129 785 1202 851 lustr

138 893 295 958 contentas,
311 879 348 947 ad
362 899 380 943 v
393 880 476 947 solid.
492 880 529 945 de
542 880 645 965 placito
660 879 690 945 in
702 881 857 947 mutatione
871 879 978 945 domini
989 893 1020 944 et
1035 884 1202 963 possessoris

179 997 249 1063 977.
267 985 348 1057 rtem,
358 977 396 1044 al.
412 978 491 1061 publ.
506 978 720 1043 instrumentum
729 979 955 1061 scriptummanu
965 979 1108 1045 Guillelmi
1122 983 1202 1047 Dedin

137 1074 251 1152 notarii,
260 1076 314 1138 sub
328 1095 403 1141 anno
418 1075 471 1141 oni
487 1082 716 1152 mrttcuxxfflo,
726 1076 824 1139 indict.
839 1089 872 1156 1⁸,
886 1077 1017 1141 viroldus
1032 1077 1114 1156 junii,
1129 1081 1202 1147 muti

138 1191 209 1239 nens
218 1171 293 1257 quod
305 1171 468 1256 Redolpbus
490 1172 619 1239 dominus
632 1172 668 1240 de
679 1173 896 1239 lntermontibuu
910 1173 1068 1255 albergarit
1090 1190 1120 1239 et
1132 1178 1202 1243 tradi

137 1268 178 1332 dit
192 1270 220 1332 in
231 1270 425 1353 emphiteosim
441 1271 553 1352 Hugoni
565 1272 600 1334 de
610 1271 723 1352 Capella
736 1290 781 1334 rec
791 1285 820 1335 et
830 1271 891 1350 jura
902 1289 957 1352 quc
968 1269 1092 1339 condam
1111 1271 1202 1339 iuerm

139 1367 214 1430 Petri
229 1365 278 1433 filii
292 1367 412 1435 condam
431 1368 564 1450 Stephani
578 1375 717 1452 oyssenc,
739 1387 794 1453 que
809 1367 921 1449 quidem
934 1386 982 1433 res
997 1366 1027 1428 in
1039 1366 1119 1433 dicto
1129 1369 1202 1435 inm*

140 1465 363 1543 commntantur,
388 1465 425 1533 ad
443 1484 505 1529 xrru
527 1465 609 1530 solid.
635 1465 774 1529 bonorum
798 1464 937 1531 viennen.
958 1463 1140 1531 deservitio
1156 1479 1202 1533 et

137 1559 220 1625 solid
236 1560 273 1627 de
292 1559 394 1643 placito
409 1561 522 1644 quando
535 1561 714 1644 contingerit.

177 1658 248 1740 978.
257 1664 338 1737 Item,
356 1660 443 1743 quod.
457 1659 495 1723 al.
506 1659 584 1744 publ.
602 1659 815 1725 instrumentum
837 1657 971 1740 scriptum
984 1677 1073 1725 manu
1087 1608 1165 1725 Petri
1183 1658 1202 1723 tl

137 1755 267 1821 Thoveto
289 1756 368 1843 publ.
382 1757 494 1834 notarii,
514 1756 567 1821 sub
589 1775 664 1819 anno
683 1756 738 1819 Dnl
757 1763 799 1818 ιιι0
803 1762 840 1817 ll
841 1761 945 1839 LXX&
969 1755 1121 1821 cononem
1146 1776 1202 1840 qtro

139 1855 276 1919 Henricus
293 1855 328 1917 de
339 1854 416 1917 Bella
430 1855 548 1932 comba,
563 1852 635 1916 filius
644 1853 763 1916 condam
774 1852 848 1914 dom‘
861 1832 962 1914 Guersi
975 1851 1012 1915 de
1027 1853 1202 1921 Bellanombr

136 1952 286 2035 accepitin
306 1951 447 2016 feuduma
460 1952 539 2015 ἀοιιιο
550 1951 698 2033 Rodulpbn
717 1949 752 2016 cle
774 1949 991 2015 intermontibus
1004 1950 1121 2015 domum
1142 1973 1202 2019 man

138 2071 221 2133 qoam
237 2048 322 2118 babet
331 2049 405 2131 apud
424 2048 595 2126 floralibus,
608 2062 637 2112 et
647 2068 746 2113 omnes
758 2067 804 2111 res
817 2061 847 2111 et
857 2047 917 2127 iota
927 2049 1053 2131 queipse
1072 2052 1202 2117 nemra

137 2145 186 2212 bet
203 2146 384 2213 circumcirca
403 2146 471 2211 dict.
493 2147 606 2211 domum
624 2159 654 2209 et
673 2145 799 2227 predicta
823 2157 904 2207 tenet
916 2144 954 2207 ad
973 2145 1150 2229 homagium,
1168 2168 1202 2231 pn

138 2244 239 2327 quibus
247 2243 453 2313 confessosfuit
465 2243 596 2311 babuisse
609 2262 647 2310 ax
659 2241 763 2323 libram
776 2242 842 2306 item
857 2241 982 2310 contimt
995 2243 1202 2311 ratifficationtu

137 2341 211 2406 dicte
225 2341 426 2408 infeudacionis
438 2341 512 2407 lacte
531 2360 582 2422 per
601 2339 779 2422 Ranguisiam
802 2358 918 2405 uxorem
937 2339 1004 2403 dicti
1018 2341 1148 2422 Henrici,
1166 2363 1202 2425 qn

139 2437 416 2519 respectandum
430 2437 562 2519 delphino
576 2448 597 2500 ¹.

178 2553 248 2617 979.
264 2542 343 2614 Item,
355 2535 440 2616 qued.
456 2535 552 2599 lietera
563 2535 592 2598 in
608 2535 741 2617 pendenti
754 2537 883 2618 sigillata,
897 2535 1001 2617 scripta
1010 2535 1065 2598 sub
1078 2556 1155 2603 anno
1166 2543 1202 2605 Di

139 2633 336 2708 Mulcnxvr,
368 2632 515 2697 continens
535 2633 779 2698 confirmacionem
807 2635 951 2715 cujusdam
982 2634 1108 2700 clausule
1136 2649 1202 2701 testa

138 2725 224 2792 menti
237 2727 311 2791 dom¹
324 2727 457 2791 lobannis
470 2729 589 2793 condam
613 2730 778 2796 Viennensis
791 2731 993 2812 archiepiscopi
1005 2731 1081 2795 lacta
1094 2751 1202 2814 perere

138 2838 265 2910 qutorem
286 2824 372 2906 ipsius
396 2826 564 2902 testamenti,
594 2827 623 2890 in
648 2849 703 2910 qua
731 2829 854 2894 clausula
873 2829 1070 2896 continebatur
1100 2829 1202 2895 donam

137 2921 210 2988 lacta
230 2941 280 3004 per
302 2921 406 2989 dictum
427 2921 505 2987 dom.
520 2923 758 3008 archiepiscopum
780 2925 860 2993 domr
877 2925 1010 3007 delphino
1026 2925 1065 2990 de
1094 2927 1148 2991 biis
1165 2947 1201 3010 qu

138 3018 260 3085 babebat
276 3018 306 3087 in
319 3019 465 3102 parrochia
481 3019 517 3084 de
532 3026 665 3102 sappeto.
719 3097 724 3107 Ι

178 3117 248 3200 980.
265 3123 345 3191 Item,
366 3115 451 3200 qued.
470 3116 561 3183 littera
575 3117 691 3205 sigillata
706 3117 734 3180 in
748 3117 881 3200 pendenti
897 3118 987 3200 sigillo
1013 3120 1156 3185 nanneni
1168 3127 1202 3187 ὓι

138 3212 227 3298 vatia
243 3213 409 3279 Viennensis
421 3214 634 3297 archiepiscopi,
648 3216 795 3279 continens
809 3216 838 3278 in
852 3235 882 3279 se
899 3217 1014 3298 quamd.
1032 3216 1157 3283 litteram
1169 3237 1202 3283 ts

136 3311 348 3379 instrumentum
365 3311 496 3393 scripturn
511 3313 563 3376 sub
576 3332 650 3381 anno
676 3313 729 3375 Diri
753 3319 927 3390 M⁰CC⁰XV⁰,
946 3334 1042 3378 mense
1067 3315 1202 3397 septembr

138 3420 182 3471 111²
199 3407 245 3477 die
256 3422 321 3475 ante
336 3409 436 3473 lentum
454 3409 612 3478 Natiuitatis
623 3410 704 3475 beate
721 3411 820 3488 marie,
839 3410 868 3472 in
887 3430 943 3492 quo
959 3411 1120 3476 continetur
1133 3412 1202 3474 dona

138 3505 223 3571 cioet
237 3505 389 3589 assignatio
402 3506 475 3571 lacta
490 3526 540 3588 per
569 3506 645 3569 dom.
665 3506 977 3588 Andreamdalphinum
999 3508 1078 3570 ιΙοιιιο
1100 3507 1202 3574 Beatrit

102 3656 104 3660 i
140 3602 259 3667 condam
276 3603 428 3682 uxorisne,
445 3603 575 3667 desumo
592 3603 627 3667 de
643 3610 738 3665 Moraz
752 3618 781 3667 et
794 3604 830 3666 de
842 3605 923 3667 furno
933 3604 968 3666 de
979 3611 1083 3668 Sancto
1094 3612 1202 3669 Donato

139 3712 259 3791 castrum
277 3701 379 3765 Montis
395 3701 503 3765 Bonodi
517 3715 545 3764 et
559 3714 680 3768 castrum
704 3701 739 3765 de
764 3703 863 3781 Revel,
878 3703 1024 3770 continens
1041 3703 1126 3768 etiam
1137 3702 1202 3784 plur

141 3795 194 3865 alia
208 3809 239 3861 ut
253 3796 281 3865 itt
294 3797 356 3881 ipso
369 3799 538 3867 connnetur.

181 4112 202 4151 ι.
218 4094 256 4151 En
271 4112 303 4152 m.
320 4094 400 4169 Super
414 4095 533 4170 recognit.
545 4096 659 4157 Buterie.
