2936 4898
456 439 462 454 .
573 467 732 530 „²7-

162 600 226 661 ¹¹4·
245 589 324 660 item,
338 583 424 665 quod.
440 583 515 646 aliud
527 583 738 646 instrumentum
752 583 899 646 continens
919 583 1060 667 quandam
1078 601 1193 664 permu-

120 678 248 740 tationem
262 679 363 742 iactam
378 680 451 742 inter
469 679 599 744 abbatem
615 680 708 744 sancti
725 679 802 742 Petri
816 679 980 744 viennensis
992 699 1027 742 ex
1041 698 1096 742 una
1114 691 1193 760 parte

120 787 146 836 et
165 774 307 839 domium
329 775 474 838 Bellivisus
492 776 528 838 de
545 784 640 839 Marco
662 795 697 838 ex
713 776 810 853 altera,
831 776 867 838 de
885 775 1051 859 quibusdam
1064 775 1194 839 censibus

119 871 162 951 qui
182 872 407 953 percipiebantur
428 892 479 953 per
504 872 607 936 dictum
629 872 759 937 abbatem
781 873 892 936 inloco
911 873 1014 938 Montis
1035 873 1148 949 Leonis,
1166 886 1195 936 et

119 967 281 1048 quibusdam
299 969 453 1033 redditibus
471 989 521 1032 seu
545 969 674 1034 censibus
696 988 767 1051 quos
786 969 877 1032 dictus
894 969 1023 1032 dominus
1048 968 1194 1036 Bellivisus

120 1065 269 1146 assignavit
283 1065 359 1129 dicto
368 1065 446 1128 dom⁰
460 1065 554 1129 abbati
571 1086 622 1147 pro
636 1065 779 1148 predictis,
797 1065 908 1129 duobus
922 1065 1017 1149 sigillis
1030 1065 1194 1130 auctenticis

121 1162 276 1243 sigillatum.

162 1279 226 1340 ¹¹5·
255 1267 335 1337 itero,
358 1260 444 1342 quod.
470 1260 682 1323 instrumentum
705 1261 852 1342 sigillatum
882 1261 971 1343 sigillo
994 1259 1194 1342 archiepiscopi

121 1357 234 1435 Viemte,
252 1357 400 1420 continens
412 1357 631 1438 recognitionem
651 1357 715 1420 olim
729 1358 830 1420 factam
854 1371 882 1422 et
906 1356 1026 1439 homagii
1043 1357 1196 1438 prestatio-

120 1474 238 1535 nemper
249 1454 422 1537 Aynardum
434 1454 575 1518 dominum
589 1455 764 1518 clarimontis
776 1456 929 1538 quondam,
943 1455 1021 1518 dom·
1033 1455 1144 1536 Hugoni
1159 1454 1195 1518 de

122 1556 206 1611 turre
231 1562 261 1612 et
276 1549 356 1611 dom⁰
379 1550 492 1614 Albano
513 1550 548 1612 de
569 1557 668 1628 Turre,
690 1553 809 1615 dominis
828 1553 893 1615 dicti
917 1551 982 1628 loci,
996 1552 1032 1615 de
1044 1563 1137 1614 castro
1159 1551 1196 1614 de

123 1647 197 1709 Vires
211 1661 240 1710 ct
264 1647 301 1710 de
326 1661 418 1711 castro
437 1649 473 1712 de
500 1649 666 1726 Peladnrcu,
694 1663 722 1713 et
739 1651 860 1732 homagii
879 1651 1076 1732 prestationem
1093 1651 1195 1736 factam

124 1744 272 1826 perplures
288 1743 395 1807 nobiles
408 1744 545 1808 dictorum
565 1745 689 1808 lucorum
704 1746 779 1809 dicto
799 1746 913 1808 domino
929 1746 965 1809 de
984 1751 1084 1822 Turre,
1100 1744 1197 1826 signa-

124 1853 219 1902 tumet
239 1841 344 1904 iactum
362 1841 489 1904 manibus
508 1841 616 1904 Petrini
636 1842 672 1905 de
689 1849 802 1906 Boenco
825 1857 854 1906 et
869 1843 944 1906 Petri
960 1842 1127 1920 columbeti,
1144 1841 1196 1905 sub

126 1957 194 2000 anno
208 1937 263 1999 Dr'ri
281 1940 456 2015 M011⁶LX1⁰,
469 1939 515 2001 die
529 1939 658 2002 mercurii
673 1954 739 2020 post
749 1939 850 2002 festum
864 1939 938 2002 beati
954 1937 1096 2003 Michaelis
1114 1951 1136 2000 ¹.

146 2083 149 2088 ,
167 2035 228 2097 116.
247 2041 327 2111 item,
342 2035 428 2117 quod.
443 2035 655 2098 instrumentum
681 2036 826 2098 continens
850 2035 1039 2099 venditionem
1059 2053 1194 2117 quorum·

126 2131 184 2194 dam
200 2133 339 2196 ductuum
353 2133 547 2196 etreddituurn
559 2133 660 2196 factam
670 2132 706 2194 ad
718 2144 824 2194 certum
840 2145 951 2212 tempus
964 2130 1101 2211 perdum.
1119 2136 1197 2191 Mar-

127 2228 278 2310 gauium),
294 2248 410 2292 uxorem
427 2229 567 2311 quondam
582 2228 656 2290 dom¹
671 2227 805 2292 Berlionis
819 2228 855 2290 de
872 2235 973 2302 Turre,
991 2241 1019 2292 et
1041 2225 1198 2290 Berliuncm

127 2325 161 2388 de
174 2332 260 2388 Turre
270 2326 330 2405 ejus
338 2324 424 2388 filium
441 2325 562 2388 Henrieo
578 2325 614 2388 de
638 2332 726 2388 Turre
749 2338 827 2388 certo
840 2325 947 2405 precio,
964 2325 1097 2407 scriptum
1116 2341 1198 2386 manu

127 2423 253 2486 lobannis
269 2422 306 2486 de
323 2421 393 2486 Villa
410 2423 461 2486 Dei
475 2422 527 2486 sub
542 2441 616 2485 anno
634 2423 688 2486 Diri
710 2429 752 2485 Μο
777 2425 816 2484 llc
838 2436 945 2504 nonag⁰
968 2429 1017 2499 11⁰,
1032 2439 1069 2484 xv
1083 2418 1196 2484 kalend.

127 2520 283 2584 lebruarii2.

171 2633 233 2692 117.
258 2623 338 2695 trem,
355 2617 441 2699 quod.
462 2616 536 2680 aliud
558 2616 770 2680 instrumentum
790 2618 947 2680 conlectum
971 2635 1055 2699 super
1075 2615 1200 2699 pluribus

128 2713 298 2793 pactionibus
308 2715 373 2778 olim
383 2715 475 2778 inhitis
484 2715 557 2780 inter
565 2716 642 2778 dom.
654 2736 748 2798 regem
758 2716 874 2780 Francia
883 2730 912 2779 et
921 2716 998 2779 dom.
1011 2713 1201 2797 Hugonem(l)

128 2811 283 2891 dalphinum
298 2813 430 2891 condam,
449 2832 533 2894 super
556 2815 731 2876 matrimonio
752 2827 896 2878 contracto
912 2813 1102 2877 interdictum
1122 2812 1198 2875 dom.

128 2907 284 2989 dalphinum
298 2925 327 2973 et
348 2911 425 2973 dom.
450 2911 622 2974 Yssabellam
644 2925 756 2994 neptem
779 2911 844 2974 dicti
860 2911 936 2974 dom.
960 2909 1045 2992 regis,
1067 2909 1200 2990 scripturn

127 3024 211 3067 manu
226 3007 406 3089 stephanide
422 3015 532 3070 Dumna
552 3009 671 3072 Martino
686 3008 737 3072 sub
751 3027 825 3071 anno
842 3009 894 3072 Dni
910 3011 1145 3070 M⁰111⁶XXllt⁰a

172 3104 236 3166 118.
261 3113 341 3181 item,
373 3104 459 3186 quod.
489 3105 563 3168 aliud
590 3106 801 3168 instnrmentum
825 3107 957 3187 scriptum
972 3124 1055 3167 manu
1069 3101 1201 3164 iohannis

128 3199 257 3263 Ebouditi
279 3201 379 3264 notarii
399 3200 477 3282 publ.
501 3202 554 3264 sub
574 3221 648 3264 anno
673 3203 727 3264 Diri
755 3201 1137 3279 nt0111⁶xx110,indicr.v1=,
1156 3195 1201 3259 die

127 3314 201 3361 mnu
217 3301 317 3363 mensis
336 3301 513 3382 septembris,
532 3303 657 3379 inrisum,
675 3303 820 3366 continens
846 3301 928 3366 finale
954 3313 1114 3381 computum
1137 3295 1201 3359 olim

126 3397 231 3458 iactum
253 3416 316 3461 curn
342 3398 420 3461 dorn⁰
449 3399 570 3462 Henrico
595 3399 744 3480 Delphino,
772 3414 840 3462 tunc
853 3410 967 3480 regente
994 3395 1200 3476 Delphinatum,

126 3494 241 3557 nomine
255 3515 305 3558 suo
328 3496 597 3576 etpredecessorum
621 3516 746 3572 suorum,
770 3515 834 3559 cum
861 3493 1006 3556 Guillelmo
1029 3499 1113 3554 Coste
1133 3491 1204 3555 bur·

126 3593 206 3672 gensi
231 3592 359 3656 Romanis
385 3606 414 3655 et
440 3594 571 3657 remansit
595 3593 702 3656 debens
726 3593 816 3655 dictus
842 3591 917 3652 dom.
952 3589 1088 3653 Henricus
1112 3589 1201 3653 eidem

126 3689 215 3752 Guill⁰
233 3696 313 3753 coste
325 3691 423 3753 novies
437 3705 547 3754 centum
565 3706 592 3754 et
608 3711 643 3753 ux
658 3691 743 3753 libras
754 3690 936 3766 Viennenses,
959 3696 1074 3752 Turono
1085 3708 1203 3770 compu-

125 3801 185 3849 tato
201 3805 257 3867 pro
267 3807 302 3849 rx
314 3788 430 3866 denar.;
448 3788 523 3869 quod
544 3789 755 3851 instrumentum
780 3786 895 3848 insisum
909 3786 1076 3866 presumitur
1090 3775 1202 3847 domino

126 3897 226 3948 nustm
245 3883 415 3965 dalphinum
432 3885 540 3966 signum
558 3885 703 3948 solutionis
718 3884 803 3947 debiti
813 3897 838 3946 ⁴.

165 4067 189 4106 ι.
206 4048 250 4105 En
265 4065 295 4103 m.
309 4051 343 4104 Aa
361 4049 425 4106 Cum
437 4049 528 4108 licteris
540 4049 629 4108 Turris
644 4049 711 4108 Piui.
732 4082 765 4092 -
785 4067 810 4108 2.
826 4051 864 4106 En
878 4068 911 4107 m.
926 4050 960 4106 Aa
974 4050 1031 4106 Non
1046 4050 1200 4123 registretur.

81 4119 84 4130 '
127 4151 161 4163 -
178 4139 203 4193 3.
221 4118 265 4173 En
278 4137 307 4197 m.
323 4121 355 4174 Αί
369 4121 513 4179 Ponendum
527 4140 581 4179 curn
596 4121 687 4179 licteris
701 4121 854 4196 pactionum.
866 4151 899 4163 -
910 4141 935 4194 4.
952 4121 990 4175 En
1009 4138 1042 4176 m.
1057 4121 1091 4174 Aa
1105 4121 1201 4175 Ponen-

127 4191 185 4248 dum
201 4205 264 4246 cum
278 4188 364 4248 leteris
377 4192 567 4267 quictacionum.
