2936 4898
705 371 862 451 -e-56-

289 507 356 584 283.
373 511 452 578 item,
468 503 555 585 quod.
571 502 607 564 al.
623 502 836 564 instrumentum
848 501 891 581 (ut
905 499 989 581 263),
1001 499 1146 562 continens
1158 495 1318 577 homagium

248 602 390 684 prestitum
404 621 455 682 per
468 599 655 664 Guichardum
671 598 781 662 Guercii
806 597 960 660 Triviarum
975 596 1053 660 dom⁰
1066 594 1197 678 dalphino
1211 607 1240 657 et
1259 607 1320 656 ter-

249 697 351 760 minum
365 698 407 779 (at
419 697 480 778 ibi).

290 795 358 872 284.
375 800 454 868 Item,
468 791 555 874 quod.
570 791 607 853 al.
620 791 831 854 instrumentum
850 789 983 872 scriptum
1004 809 1088 852 manu
1100 789 1209 850 Andree
1222 793 1321 848 Satur-

248 891 305 954 nini
329 891 365 952 de
395 896 496 952 Sancto
519 888 630 950 Valerio
651 887 751 950 notarii
764 887 860 968 'publ.,
889 886 941 949 sub
967 906 1039 950 anno
1063 894 1205 949 incarner.
1232 883 1321 945 Ditice

251 993 489 1063 M⁰ccc⁰xrttx⁰,
506 985 591 1048 indic.
610 997 672 1060 xuff,
692 985 737 1048 die
763 997 805 1047 vta
816 986 917 1048 mensis
935 985 1003 1064 iulii,
1023 983 1111 1067 sigillo
1126 981 1280 1064 magnificis
1294 994 1322 1044 et

250 1085 370 1168 potentis
380 1084 432 1145 viri
447 1083 523 1145 dom.
539 1083 671 1144 iohannis
692 1082 800 1146 comitis
814 1082 932 1144 Forassii
946 1101 1011 1144 cera
1026 1081 1112 1144 rubea
1139 1080 1167 1141 in
1181 1080 1322 1160 ‘pendenti

249 1182 377 1264 sigillata,
392 1180 536 1242 continens
560 1179 634 1260 quod
645 1180 735 1242 dictus
750 1180 826 1242 dom.
850 1180 990 1242 lohannes
1003 1199 1098 1242 comes
1115 1177 1234 1240 Forassii
1255 1196 1324 1239 con-

250 1279 338 1340 fessus
350 1275 401 1338 fuit
415 1274 451 1337 ad
466 1276 622 1338 instantiam
633 1275 706 1337 dom¹
719 1275 853 1356 Guigonis
870 1276 992 1357 delphini
1006 1276 1194 1357 quatrigentas
1214 1287 1242 1336 et
1255 1288 1323 1334 xxru

251 1393 333 1436 unam
345 1373 429 1435 libras
443 1391 602 1453 grossorum
617 1378 759 1435 Turonen.
776 1373 894 1453 argenti,
917 1373 1041 1454 quolibet
1061 1379 1174 1433 Turono
1190 1390 1240 1450 pro
1267 1391 1324 1432 uno

252 1471 366 1534 denario
389 1482 559 1550 computato,
577 1468 705 1532 habuisse
729 1469 764 1530 de
792 1469 887 1549 majori
904 1489 1011 1531 summa
1037 1469 1065 1531 in
1084 1489 1138 1550 quo
1155 1469 1228 1530 idem
1244 1469 1322 1530 dom.
1354 1468 1358 1477 '

253 1567 397 1648 delphinus
410 1565 483 1628 dicto
502 1566 577 1627 dom.
592 1565 685 1628 comiti
698 1566 845 1628 tenebatur
859 1585 909 1646 pro
926 1565 1057 1628 fidelitate
1069 1565 1120 1627 sibi
1137 1565 1262 1646 prestita.

294 1665 361 1743 285.
390 1670 469 1738 ltem,
493 1662 581 1743 quod.
607 1662 726 1725 vidimus
756 1662 858 1724 lactum
877 1682 926 1743 per
947 1662 1050 1724 curiam
1068 1661 1192 1724 officialis
1205 1661 1323 1739 vienne,

253 1763 385 1843 scriptum
400 1779 482 1822 manu
493 1759 627 1839 iohannis
637 1759 794 1842 Follapays,
805 1759 857 1821 sub
871 1779 943 1821 anno
953 1759 1007 1820 Diri
1016 1762 1169 1834 M⁰11⁰Lv⁰‚
1179 1759 1326 1821 continens
1347 1809 1349 1814 ,
1444 1815 1445 1818 ,

254 1859 436 1922 donacionem
459 1857 560 1919 factam
583 1875 633 1936 per
650 1855 725 1918 dom.
752 1855 925 1917 Guillelmum
948 1856 985 1918 de
1000 1855 1173 1918 Bellovidere
1200 1863 1325 1918 Droneto

253 1956 309 2018 filio
324 1975 385 2030 suo,
405 1954 440 2016 de
454 1966 545 2015 castro
561 1951 725 2014 Bellividere
741 1952 775 2014 de
787 1960 881 2014 Marco
895 1952 967 2014 etde
979 1966 1070 2014 castro
1085 1953 1121 2013 de
1136 1953 1235 2014 Pineto
1250 1952 1325 2014 etde

219 2105 222 2114 .
254 2051 386 2114 mistralia
400 2051 435 2111 de
450 2049 556 2111 vienna
572 2048 715 2110 etdevilla
732 2067 781 2111 sua
791 2049 826 2110 de
844 2048 931 2110 Millei
939 2049 1020 2110 sitam
1040 2068 1128 2129 prope
1156 2049 1284 2110 Pinetum
1298 2063 1326 2110 et

255 2150 289 2212 de
306 2147 434 2212 omnibus
449 2159 477 2208 et
489 2144 602 2226 singulis
615 2165 669 2226 que
679 2144 769 2208 dictus
786 2145 862 2207 dom.
880 2145 1040 2208 Guillelmus
1055 2145 1175 2208 habebat
1183 2147 1211 2208 in
1226 2166 1327 2227 parro-

255 2246 316 2308 chia
328 2245 363 2306 de
375 2252 501 2326 Dueymo
515 2261 577 2304 cum
587 2241 669 2322 pleno
688 2241 747 2321 jure
761 2241 882 2304 omnium
896 2241 1027 2322 predict,
1047 2255 1159 2306 retento·
1168 2261 1220 2305 usu
1235 2242 1326 2304 fructu
1366 2315 1370 2320 ¹

255 2341 290 2404 ad
304 2341 389 2403 vitam
403 2359 493 2402 suam.

297 2437 364 2498 286.
391 2443 470 2512 item,
494 2434 580 2516 quod.
598 2435 808 2498 instrumentum
832 2437 876 2518 <ut
892 2438 974 2519 259),
994 2437 1039 2500 die
1054 2449 1075 2496 ιι
1085 2437 1186 2500 mensis
1198 2437 1326 2517 januarii,

255 2534 399 2597 continens
423 2531 646 2613 recognitionem
671 2530 771 2600 iactam
792 2552 842 2613 per
865 2533 940 2596 dom.
957 2541 1104 2616 Aymarum
1129 2534 1165 2595 de
1189 2535 1327 2598 Brissiaco

255 2630 368 2692 militem
383 2629 418 2690 de
436 2641 527 2690 castro
540 2627 575 2688 de
591 2635 732 2703 Veraseuo
753 2648 815 2690 cum
830 2630 889 2710 ejus
903 2630 1099 2694 mandamento
1120 2644 1148 2692 et
1173 2631 1325 2708 territorio,

255 2746 306 2808 pro
323 2745 378 2807 quo
392 2724 476 2787 feudo
488 2723 554 2786 lecit
567 2722 724 2802 homagium
738 2723 815 2786 dom⁰
832 2726 962 2808 dalphino
978 2726 1055 2788 salva
1074 2725 1206 2788 fidelitate
1219 2727 1328 2790 comitis

256 2822 404 2885 sabaudie.

295 2921 361 2998 287.
383 2927 450 2982 item
472 2921 638 2982 invenerunt
657 2919 770 3000 quamd.
794 2920 911 2982 litteram
939 2921 1038 3001 prioris
1053 2923 1163 3002 majoris
1187 2925 1325 2999 cartusie,

254 3017 343 3098 sigillo
363 3016 422 3097 ejus
449 3017 630 3097 impendenti
654 3016 781 3097 sigillata,
809 3029 837 3078 et
860 3015 1027 3080 difinitorum
1048 3019 1159 3100 capituli
1187 3021 1327 3096 Canusio,

254 3113 328 3195 quod
340 3113 392 3194 ipsi
404 3113 431 3176 ia
444 3126 504 3176 toto
519 3114 616 3176 ordine
626 3113 730 3175 dabant
744 3114 821 3174 dom⁰
833 3113 950 3175 iohanni
962 3114 1092 3196 dalphino
1105 3115 1178 3178 bone
1193 3118 1327 3180 memorie

253 3224 281 3273 et
292 3211 369 3273 dom⁰
378 3211 526 3294 B(eatrici)
541 3211 576 3273 de
594 3211 685 3272 Sicilia
707 3211 765 3290 ejus
793 3210 872 3272 uxori
897 3210 988 3272 omnia
1009 3212 1144 3276 beneficia
1168 3213 1325 3292 missarum,

251 3309 417 3387 orationum,
433 3308 686 3390 astinencia(rum)‚
698 3295 873 3386 jejuniorum,
891 3308 1086 3390 ui(gi)liarum·‚
1099 3311 1225 3374 laborum
1247 3327 1328 3376 cete·

235 3413 366 3488 ¹rumqu‘e
379 3407 514 3469 bonorum
525 3407 553 3468 in
563 3407 618 3468 vita
636 3419 664 3467 et
675 3405 702 3466 in
720 3417 808 3466 morte
817 3405 951 3484 ipsorum.

294 3504 361 3566 288.
382 3511 461 3579 ltem,
479 3503 592 3584 quamd.
611 3502 728 3564 litteram
741 3501 871 3582 scriptam
889 3503 945 3565 sub
958 3524 1031 3567 anno
1049 3506 1103 3570 Diri
1121 3507 1204 3568 llltllc
1216 3519 1327 3589 octago,

253 3600 298 3661 die
317 3599 424 3662 sabbati
452 3612 516 3679 post
545 3598 766 3679 Assumpu'onem
788 3598 869 3660 beate
892 3599 977 3662 Marie
1000 3599 1125 3683 uirginis,
1143 3601 1255 3664 missam
1278 3621 1330 3683 per

254 3695 353 3759 ducem
382 3696 541 3777 Burgundie
557 3698 634 3759 dom0
662 3695 780 3758 Beatrici
807 3697 945 3759 comitisse
973 3698 1121 3762 Viennensi
1147 3713 1175 3761 et
1200 3683 1328 3777 Albanis,

254 3794 330 3875 quod
341 3807 461 3854 castrum
477 3794 582 3874 Ruppis
597 3795 631 3855 de
646 3794 744 3876 Cluey‚
760 3794 834 3875 quod
855 3794 931 3856 dom.
949 3795 1038 3876 Guigo
1054 3795 1199 3879 dalphinus
1207 3797 1328 3859 condam

253 3903 367 3971 ceperat
380 3889 765 3969 probono‘dominioadom0
780 3890 925 3953 Guillelmo
945 3889 980 3954 de
998 3893 1173 3970 Rossillione,
1196 3894 1329 3956 restitue-

254 4000 297 4050 ret
311 3985 396 4048 nobili
410 3985 470 4048 viro
486 3987 640 4051 Raimundo
657 3989 692 4050 de
705 3988 817 4071 Clayro,
828 3987 911 4050 salvis
920 3988 1004 4053 leudo
1014 3992 1140 4055 reddibili
1149 3991 1234 4074 ipsius
1245 3993 1329 4057 castri

255 4097 283 4145 et
293 4082 459 4164 quibusdam
469 4083 538 4146 aliis.
605 4143 607 4148 .
