2842 4900
544 452 723 514 -261-

94 577 182 641 eidem
197 585 273 645 Boso
287 583 323 647 de
339 589 488 668 Nemyaco
501 582 677 661 domicellus,
694 603 749 666 que
758 583 871 667 quidem
886 583 939 649 sibi
958 585 1080 668 obligata
1092 599 1173 650 erant

94 689 120 739 et
132 679 302 761 ypotheeata
311 701 362 764 pro
374 681 441 746 dote
453 702 503 745 sua
519 681 548 744 in
561 687 584 744 C
597 681 681 745 libras
695 700 764 764 quas
776 682 904 747 confessa
913 681 964 746 luit
972 703 1003 747 se
1015 683 1144 748 habuisse
1156 704 1172 747 a

94 773 165 838 dicta
182 777 477 861 dominaFucigniaci.

134 873 227 953 ¹471?
237 883 316 954 Item,
332 877 419 960 quod.
436 877 514 959 publ.
529 876 741 944 instrumentum
753 879 797 964 (ut
810 880 910 963 1449),
927 879 973 944 die
993 893 1058 942 vtua
1070 879 1173 943 mensis

91 970 216 1052 januarii,
240 974 386 1038 continens
401 975 477 1057 quod
491 975 671 1058 Eymionetus
685 977 721 1039 de
738 985 829 1060 Lapra
838 991 912 1040 terre
924 977 1083 1060 Fucigniaci
1095 997 1173 1060 pres·

92 1069 144 1132 titit
157 1069 318 1152 homagium
328 1072 424 1154 ligium
437 1072 473 1136 de
486 1091 605 1154 persona
619 1072 697 1135 dom⁰
711 1080 748 1137 II.
763 1073 894 1156 dalphino
909 1074 1059 1138 Viennensi
1073 1089 1102 1138 et
1116 1087 1173 1138 ter·

92 1168 194 1231 minum
206 1171 346 1252 assignas.
361 1171 397 1234 ad
412 1171 512 1252 partic.
526 1172 796 1253 recognoscendum,
811 1173 887 1256 quod
902 1192 959 1235 non
973 1171 1052 1236 lecit.

133 1284 220 1347 1472.
239 1276 319 1348 Item,
334 1270 371 1332 al.
386 1270 464 1352 publ.
480 1270 692 1334 instrumentum
706 1271 839 1354 scriptum
862 1291 945 1334 manu
960 1271 1094 1335 lobannis
1112 1277 1172 1354 Ny·

91 1363 171 1428 coleti
182 1365 219 1429 de
230 1367 380 1442 Crimiaco,
393 1367 445 1430 sub
458 1386 532 1431 anno
547 1368 600 1430 nni
612 1370 851 1445 III⁰III⁰IIIIIIIII⁰,
862 1367 974 1430 diexxu
984 1367 1086 1430 mensis
1096 1366 1172 1444 maii,

90 1462 235 1526 continens
249 1463 456 1528 extimationem
472 1477 501 1527 et
517 1464 641 1528 valorem
662 1465 838 1547 proprietatis
863 1465 947 1528 castri
970 1465 1006 1527 de
1032 1465 1172 1529 Flumeto.

133 1578 220 1639 ¹473·
239 1567 319 1637 Item,
334 1562 421 1642 quod.
443 1561 562 1625 vidimus
581 1583 597 1625 a
617 1563 691 1626 curia
711 1562 835 1626 officialis
850 1563 984 1626 Gebenne
999 1577 1171 1640 emanatum,

91 1655 225 1720 subanno
237 1658 292 1720 uni
303 1665 543 1736 III⁰CCC⁰IIVIII⁰,
554 1660 700 1723 continens
710 1660 784 1742 quod
792 1679 867 1723 anno
880 1660 933 1722 uni
944 1667 985 1722 II⁰
997 1663 1036 1721 IIc
1046 1674 1172 1742 octuag,

91 1754 132 1820 die
147 1755 281 1818 mercurii
294 1769 358 1838 post
367 1757 467 1820 festum
481 1757 512 1819 b’
529 1757 614 1821 Lucie
629 1757 755 1839 virginis,
773 1758 802 1820 in
814 1757 959 1839 presencia
973 1756 1051 1819 dom¹
1067 1755 1176 1819 officia-

2 1878 4 1945 ’ἱ
91 1853 120 1916 lis
133 1853 303 1916 Gebennen.
317 1854 478 1918 Guillelmus
492 1856 730 1938 Dugnoynsvenit
742 1857 825 1918 horno
838 1855 1045 1937 ligiushymoni
1055 1841 1176 1916 delarse

2 1956 3 2029 j
91 1950 163 2015 dicto
192 1951 229 2014 de
258 1953 380 2034 Langins
401 1965 429 2016 et
451 1953 616 2036 recognovit
636 1953 727 2016 dictus
752 1953 826 2016 Guil.
843 1973 873 2015 se
888 1965 985 2015 tenere
999 1971 1016 2014 a
1032 1949 1108 2014 dicto
1119 1959 1173 2036 hy.

91 2049 185 2130 plures
201 2069 248 2112 res
260 2049 363 2133 inipso
376 2051 467 2114 instr²⁰
482 2064 628 2115 contentas
648 2065 677 2114 et
692 2050 783 2114 eidem
808 2057 861 2133 Ay.
892 2047 1050 2130 homagium
1081 2047 1175 2130 ligium

91 2147 222 2228 prestitit,
239 2167 290 2229 pro
307 2148 407 2230 quibus
422 2148 567 2212 confessus
588 2148 641 2212 fuit
660 2148 789 2212 habuisse
814 2161 842 2210 nI
856 2147 941 2210 libras
961 2146 1125 2209 Gebennen.
1149 2159 1177 2208 et

92 2265 175 2308 unum
195 2246 341 2309 roncinum
354 2246 410 2330 bay
426 2247 558 2311 bausans.

134 2360 223 2424 ¹474·
238 2351 318 2420 Item,
329 2363 430 2407 novem
441 2345 623 2408 instrumenta
633 2343 714 2406 simul
725 2357 797 2421 suta,
810 2361 928 2426 quorum
938 2342 1123 2424 primumfscr.
1135 2353 1177 2403 est

92 2463 175 2506 manu
192 2442 326 2524 Stephani
353 2443 459 2519 Saselli,
480 2444 531 2507 sub
546 2463 620 2507 anno
638 2444 691 2506 Diii
710 2446 911 2520 II0IIchxx0,
926 2444 1023 2506 indict.
1040 2455 1115 2519 xum,
1131 2441 1176 2504 die

2 2582 4 2634 3
92 2554 173 2603 κγιιιΙ
192 2539 297 2603 mensis
314 2542 434 2623 augusti,
454 2561 508 2624 que
538 2541 649 2624 quidem
665 2541 846 2604 instrumenta
860 2541 1005 2604 continent
1031 2540 1125 2622 plures
1148 2553 1178 2602 et

3 2667 4 2701 ;
92 2639 218 2702 diversas
227 2637 386 2701 solutiones
399 2640 486 2702 iactas
500 2639 613 2702 nomine
627 2639 701 2702 d0m¹
716 2638 805 2702 nostri
818 2638 941 2721 dalphini
962 2652 1020 2701 tam
1035 2657 1087 2720 pro
1102 2636 1178 2700 cabi-

4 2736 5 2775 *
93 2738 149 2801 licis
161 2757 248 2821 quam
258 2738 336 2818 equis
350 2757 402 2819 per
416 2758 479 2801 eum
493 2738 565 2801 datis
579 2757 662 2820 quam
677 2737 737 2800 aliis
747 2737 864 2802 diversis
874 2736 978 2814 causis,
991 2752 1049 2801 tam
1060 2756 1111 2819 per
1123 2755 1179 2798 no·

4 2879 5 2891 2
93 2836 174 2899 bilem
188 2835 280 2898 virum
306 2835 382 2897 dom.
404 2835 587 2898 Ilumbertum
604 2835 639 2896 de
654 2835 779 2918 Chaulay
794 2854 877 2916 quam
891 2834 959 2896 alias
986 2854 1122 2916 personas
1148 2833 1177 2895 in

4 2969 5 2992 I
94 2933 158 2998 dict.
175 2933 275 2996 instr²¹¹
286 2946 433 2996 contentas
447 2947 476 2996 et
486 2933 653 2996 nominatas.

135 3048 224 3113 1475.
242 3038 322 3108 Item,
334 3031 421 3112 quod.
432 3031 552 3094 vidimus
562 3031 694 3113 scriptum
708 3049 792 3093 manu
807 3029 933 3112 Hugonis
944 3027 1086 3092 Chabuelli
1099 3041 1178 3092 nota·

95 3129 137 3205 rii,
156 3129 210 3192 sub
225 3147 301 3190 anno
319 3129 373 3191 Diri
391 3131 600 3206 II0110xc⁰VI⁰,
617 3127 715 3192 indict.
734 3141 786 3206 uu,
801 3127 861 3190 scil.
879 3141 923 3188 ιιιο
938 3125 1001 3188 idus
1016 3124 1092 3202 maii,
1107 3144 1178 3188 con-

94 3227 183 3290 tinens
192 3240 321 3289 tenorem
332 3225 440 3306 cujusd.
457 3224 551 3307 scripti
566 3245 649 3288 manu
665 3223 742 3287 Petri
756 3224 862 3288 Biviaci
880 3238 940 3287 not.
957 3223 1026 3305 pub.
1041 3223 1093 3286 sub
1104 3243 1177 3285 anno

2 3329 6 3339 '
97 3325 148 3388 Diri
167 3330 363 3401 II0110IIC⁰V⁰,
376 3324 421 3387 die
435 3323 547 3386 sabbati
560 3336 625 3409 post
633 3324 733 3386 festum
746 3323 772 3385 b¹
787 3321 942 3398 Michaelis,
956 3320 984 3382 in
997 3339 1053 3402 quo
1065 3318 1178 3402 quidem

2 3400 3 3437 ³
96 3421 280 3485 instrumento
304 3419 397 3503 (sunt)
425 3420 586 3485 cumcordia
600 3434 628 3484 et
642 3420 807 3502 compositio
824 3420 896 3482 lacte
912 3416 1075 3480 interdum.
1095 3415 1181 3498 B(ea-

96 3520 206 3603 tricem)
222 3519 384 3601 Fucigniaci
399 3539 434 3582 ex
450 3539 505 3582 una
519 3532 598 3601 parte
626 3533 655 3582 et
674 3519 751 3582 dom.
770 3517 945 3580 Guillelmum
973 3515 1008 3577 de
1036 3521 1180 3599 Noyareto

98 3634 220 3682 curatum
235 3618 273 3680 de
287 3617 431 3679 Salanchia
446 3636 481 3679 en
496 3617 594 3694 altera,
610 3637 693 3699 super
710 3615 835 3698 pluribus
854 3629 883 3679 et
896 3614 1014 3679 diuersis
1030 3613 1182 3695 questioni·
1253 3615 1258 3625 “

4 3722 5 3768 3
98 3714 149 3778 bus
161 3715 302 3778 contentis
310 3714 340 3776 in
351 3714 413 3795 ipso
424 3714 526 3778 nster.

141 3814 227 3900 1476·
242 3820 323 3887 Item,
338 3811 423 3893 qued.
439 3811 529 3876 littera
543 3810 668 3876 officialis
682 3810 847 3875 Viennensis
863 3823 892 3873 et
904 3809 990 3891 ipsius
1006 3808 1082 3873 curie
1090 3807 1181 3890 sigillo

5 3949 6 4000 I
99 3909 227 3994 sigillata,
241 3911 339 3991 inqua
359 3910 517 3973 continetur
531 3924 612 3974 tenor
637 3911 746 3992 cujusd.
760 3911 850 3973 littere
878 3909 914 3972 ill¹
930 3910 1006 3973 dom.
1032 3908 1182 3992 Bieatrici)

5 4071 9 4090 ,
100 4008 206 4071 vienne
215 4021 244 4071 et
257 4008 373 4072 hlbonis
387 4010 528 4074 comitisse
542 4031 592 4092 per
607 4019 761 4094 Lyonetam
779 4010 919 4073 dominam
934 4009 970 4073 do
986 4017 1044 4088 Ias,
1068 4016 1182 4071 Petrum

5 4105 6 4108 ’
102 4118 129 4168 et
141 4105 317 4170 Guillelmum
333 4106 444 4186 iratres,
455 4107 515 4190 ejus
527 4107 609 4186 filios,
621 4109 794 4190 requirentes
809 4107 911 4172 dictam
922 4107 998 4171 dom.
1014 4106 1182 4171 comitissam

102 4217 132 4268 ut
142 4205 267 4287 ipsorum
280 4205 392 4271 nomine
405 4207 530 4273 traderet
545 4220 574 4272 et
589 4207 757 4272 deliberaret
767 4205 872 4271 oberto
881 4206 916 4270 de
927 4205 1069 4271 Montibus
1085 4221 1181 4268 eorum
