2844 4900
703 432 882 512 ..136-

258 565 348 646 gniaci
374 585 472 647 aquam
495 578 523 627 et
538 565 630 648 loyam
654 564 690 625 de
714 563 837 639 carleto,
866 581 930 624 cum
960 575 1020 624 toto
1051 560 1203 641 piscatione
1232 557 1319 639 ipsius.

296 663 365 739 780.
384 669 463 736 Item,
482 661 569 742 quod.
582 660 661 742 publ.
676 661 888 723 instrumentum
906 678 962 722 uno
972 657 1062 739 sigillo
1071 657 1100 718 in
1114 656 1243 738 pendenti
1258 653 1325 736 sigil-

257 759 353 835 latum,
368 757 501 838 scripturn
518 777 601 820 manu
615 757 751 819 Guillelmi
764 757 799 819 de
816 757 894 820 Ulcio
910 755 1011 819 notarii
1029 754 1106 836 publ.
1128 753 1179 816 sub
1190 772 1258 815 anno
1275 752 1323 813 uni

258 858 459 928 II⁰II⁶LIIIII⁰,
483 853 564 918 indit.
594 868 646 932 vu,
673 873 731 917 nvn
761 854 874 916 kalend.
891 854 969 934 junii,
989 852 1135 916 continens
1164 851 1237 933 qu'od
1252 851 1321 912 dom.

257 951 348 1031 Guigo
365 951 401 1013 de
412 952 574 1031 Ruppecula
584 951 709 1014 vendidit
721 953 799 1014 dom⁰
809 952 928 1034 Guigoni
943 951 1074 1033 dalphino
1089 949 1235 1015 Viennensi
1242 947 1324 1010 omnia

256 1065 310 1129 que
324 1046 446 1110 babebat
456 1048 484 1109 in
495 1061 555 1111 tota
569 1048 641 1111 valle
655 1049 796 1126 Alavardi,
812 1050 867 1112 sint
885 1049 979 1124 leuda,
1003 1067 1115 1124 census,
1140 1045 1259 1108 dominia
1283 1042 1322 1105 vel

256 1142 460 1223 possessiones,
469 1158 497 1208 et
511 1163 565 1225 que
579 1145 662 1207 etiam
678 1160 839 1208 tenerentur
848 1145 884 1208 ab
897 1145 1008 1220 eodem,
1021 1145 1115 1226 precio
1125 1145 1223 1206 IIIIVm
1234 1137 1325 1204 solido

256 1259 328 1302 runt.
346 1275 384 1289 -
398 1243 468 1319 781.
488 1249 567 1320 Item,
584 1244 671 1325 quod.
693 1243 730 1306 al.
750 1243 828 1325 publ.
845 1244 1057 1306 instrumentum
1074 1240 1230 1304 coniectum
1249 1258 1324 1300 manu
1406 1286 1407 1332 I

258 1337 390 1400 Iohannis
403 1340 515 1420 Rogerii
528 1340 640 1416 notarii,
655 1341 706 1404 sub
717 1360 791 1403 anno
799 1355 827 1404 et
834 1340 918 1403 indic.
929 1339 1055 1421 proxime
1063 1338 1154 1415 dictis,
1163 1357 1212 1399 vtn
1220 1335 1324 1398 kalend.
1406 1367 1407 1372 .

257 1434 335 1514 junii,
350 1435 497 1499 continens
510 1435 688 1517 fidejussores
700 1438 780 1500 datos
794 1457 845 1519 pro
854 1436 949 1499 debito
964 1435 1130 1518 supradicto
1147 1448 1175 1498 et
1186 1433 1327 1497 confessio

258 1550 322 1594 nem
338 1532 404 1594 dicti
418 1533 514 1609 debiti,
530 1535 605 1616 quod
621 1535 770 1598 reddittum
786 1536 895 1597 videtur
910 1535 939 1596 in
954 1535 1063 1615 signum
1077 1531 1236 1595 solucionis.

299 1629 368 1706 782.
386 1635 465 1706 Item,
481 1631 566 1712 qued.
581 1631 861 1714 licterapergaminea
871 1652 927 1694 non
938 1631 1066 1713 sigillata,
1080 1631 1154 1693 lacta
1168 1628 1326 1711 permodum

259 1724 390 1803 vidimus,
413 1727 558 1790 continens
571 1741 699 1791 tenorem
716 1729 923 1810 privilegiorum
948 1741 976 1790 et
1001 1726 1225 1789 confirmationes
1241 1743 1328 1787 eorum

259 1843 457 1888 concessorum
471 1826 639 1888 monasterio
662 1826 755 1890 Sancti
782 1825 896 1889 Roberti
916 1844 967 1906 per
983 1822 1055 1886 diros
1069 1823 1216 1904 dalphinos
1236 1820 1329 1884 londa-

258 1935 334 1985 tores
350 1921 436 2003 ipsius
452 1922 622 1985 monasterii.
1293 2005 1296 2012 Ι

299 2021 370 2099 783.
405 2026 484 2095 Item,
517 2020 602 2102 quod.
622 2021 700 2102 publ.
729 2021 942 2084 instrumentum
965 2019 1121 2083 conlectum
1149 2036 1233 2079 manu
1262 2015 1330 2078 Petn'
1361 2071 1365 2074 .

259 2117 380 2179 anselmi
402 2117 502 2180 notarii
522 2118 600 2199 publ.
626 2118 678 2180 sub
700 2137 774 2180 anno
789 2118 843 2180 uni
866 2124 1083 2194 rr0cc0txxv,
1104 2115 1188 2178 indic.
1211 2135 1262 2191 rna,
1283 2128 1331 2176 ιιιι0

259 2214 373 2278 kalend.
401 2213 536 2291 octobris,
563 2211 710 2278 continens
737 2215 823 2297 quod.
848 2214 924 2277 dom.
955 2213 1152 2295 Berengarius,
1182 2211 1331 2294 capellanus

261 2312 363 2376 Montis
376 2312 497 2390 Bonodi,
523 2313 600 2376 dedit
615 2315 693 2376 dom⁰
720 2321 753 2376 P.
775 2314 885 2377 nurucii
901 2312 979 2376 militi
998 2313 1026 2374 in
1043 2331 1094 2374 suo
1117 2323 1282 2374 testamento
1297 2327 1330 2370 ιιι

259 2410 357 2474 denar.
386 2429 487 2472 census
511 2430 582 2493 quos
607 2411 659 2474 sibi
688 2411 810 2474 debebat
832 2409 990 2473 Arthaudus
1013 2408 1048 2472 de
1064 2407 1202 2484 Cizerino,
1229 2406 1292 2469 item
1307 2423 1331 2466 ιι
1409 2449 1410 2460 .

258 2509 340 2571 solid.
355 2527 425 2589 quos
438 2507 489 2569 sibi
499 2507 621 2570 debebat
633 2508 754 2571 Iacobus
772 2508 888 2590 Feydel.

298 2606 368 2683 784.
390 2613 469 2680 Item,
486 2603 571 2685 qued.
593 2605 688 2667 lictere
702 2606 731 2668 in
748 2606 881 2687 pendenti
895 2604 1006 2667 duobus
1026 2604 1121 2685 sigillis
1141 2602 1271 2684 sigillate,
1286 2601 1331 2664 sub

258 2720 332 2764 anno
347 2700 435 2764 Ditice
453 2709 562 2764 Incarn.
581 2704 794 2777 II⁰II⁶IIXVIII,
813 2722 909 2766 mense
933 2701 1036 2778 madio,
1062 2699 1238 2763 continentes
1264 2697 1331 2781 quod

258 2797 400 2874 villelmus
411 2798 446 2860 de
460 2798 583 2860 nvalone
598 2798 713 2861 donavit
727 2798 832 2861 Oberto
845 2798 1020 2862 manescalco
1030 2797 1103 2860 domi
1114 2796 1237 2878 dalphini
1248 2795 1332 2859 omnia

258 2916 312 2979 que
325 2895 472 2959 habebata
486 2896 548 2958 lacu
561 2896 665 2959 Finenc
675 2916 763 2978 usque
775 2897 810 2958 ad
826 2911 938 2978 pontem
954 2895 989 2958 de
1004 2895 1108 2971 visilia,
1125 2908 1189 2958 sunt
1201 2895 1330 2968 homines,

257 3012 358 3056 census
373 2993 418 3055 del
427 2993 622 3075 proprietates.
1178 2981 1180 2986 ¹

297 3092 366 3172 785.
386 3098 465 3164 Item,
484 3090 570 3172 quod.
587 3090 665 3172 publ.
686 3091 899 3154 instrumentum
914 3092 958 3174 (ut
973 3091 1058 3173 704),
1077 3090 1223 3152 continens
1239 3090 1333 3152 homa-

257 3189 332 3272 gium
345 3189 439 3270 ligium
455 3189 599 3270 prestitum
614 3208 665 3271 per
683 3189 843 3252 Guillonum
858 3191 893 3266 de
910 3188 1096 3253 Ponczonatis
1111 3201 1139 3250 et
1151 3188 1330 3252 terminum...

297 3286 366 3365 786.
391 3294 470 3364 Item,
490 3286 578 3367 quod.
607 3285 819 3349 instrumentum
834 3287 991 3350 conlectum
1004 3306 1088 3348 manu
1106 3285 1180 3348 Petri
1195 3284 1331 3357 Amselmi

256 3384 309 3448 sub
324 3404 398 3448 anno
414 3385 467 3447 uni
484 3387 681 3462 II⁰II⁶LIIVI⁰,
692 3386 789 3449 indict.
810 3399 860 3464 txt,
879 3406 909 3450 ιιι
927 3386 972 3450 die
987 3385 1107 3449 intrante
1123 3404 1218 3447 mense
1232 3383 1331 3467 aprilis,

256 3483 383 3545 contines
405 3483 480 3564 quod
499 3482 642 3545 villelmus
656 3483 764 3546 Veteris
778 3483 912 3566 quictavit
926 3484 1004 3546 dom⁰
1017 3490 1052 3545 P.
1071 3481 1182 3545 Aurucii
1201 3481 1236 3544 de
1255 3500 1263 3543 ι
1283 3501 1333 3544 ses·

256 3580 328 3642 tario
341 3579 481 3656 frumenti,
498 3580 572 3663 quod
592 3579 713 3643 habebat
724 3581 798 3643 idem
811 3581 953 3646 Villelmus
967 3581 996 3643 in
1013 3580 1094 3643 vinea
1106 3579 1222 3644 Giroudi
1236 3586 1333 3643 Ioven-

257 3677 318 3740 celli
325 3697 377 3761 pro
385 3697 392 3738 ι
401 3677 455 3740 alio
463 3679 579 3743 sestario
588 3667 721 3743 frumenti
730 3698 830 3742 census
841 3679 916 3762 quod
929 3679 1019 3742 eidem
1031 3679 1108 3741 dedit
1116 3677 1330 3748 dietusdom.I?.

296 3774 367 3852 787.
385 3780 464 3850 Item,
476 3775 564 3856 quod.
580 3776 658 3857 publ.
676 3776 889 3840 instrumentum
904 3777 1036 3859 scriptum
1052 3790 1080 3839 et
1096 3777 1234 3858 signatum
1255 3795 1331 3836 manu

258 3871 369 3932 Martini
397 3871 533 3953 Ranulphi
555 3873 656 3936 notarii
679 3873 757 3955 publ.
784 3875 820 3936 dc
841 3875 1050 3956 Gracionopoli,
1067 3872 1119 3936 sub
1130 3893 1203 3934 anno
1220 3873 1329 3934 Nativit.

259 3967 312 4030 uui
331 3973 531 4046 IIICCC0XX0,
542 3970 626 4032 indic.
647 3983 701 4048 rrrfl,
716 3971 761 4034 die
776 3991 808 4033 na
820 3972 922 4034 mensis
931 3971 1065 4048 octobris,
1082 3971 1228 4034 continens
1238 3971 1331 4032 homa-

257 4065 332 4148 gium
358 4067 502 4147 prestitum
523 4088 573 4149 per
595 4068 661 4131 illem
689 4070 842 4152 principem
873 4071 950 4132 dom.
983 4071 1151 4152 Guigonem,
1175 4068 1329 4151 dalphinum

256 4164 440 4228 Viennensem
467 4167 545 4229 dom⁰
574 4167 706 4250 episcopo
734 4169 998 4249 Gracionopolitano
1019 4168 1139 4260 eristens
1162 4182 1228 4232 ante
1252 4167 1329 4231 altare
