2844 4900
711 468 890 550 *¹4⁶⁶-

297 601 366 681 842.
384 607 464 677 Item,
480 600 567 683 quod.
579 599 657 682 publ.
673 599 885 664 instrumentum
900 619 983 664 manu
1001 600 1077 664 Petri
1093 569 1223 663 chamini
1235 599 1322 663 notarii
1404 663 1405 668 ,

256 696 335 780 publ.
353 698 497 780 scriptum,
514 696 566 760 sub
582 716 656 761 anno
672 697 727 760 nni
743 702 956 774 M⁰CC⁰LX0V⁰,
967 697 1053 760 indic.
1069 709 1144 773 vnn,
1161 696 1206 760 die
1220 708 1272 758 nn·
1284 695 1323 758 in
1404 699 1405 740 ³

255 807 347 860 trante
362 797 466 874 madio,
479 794 625 860 continens
642 795 716 879 quod
735 795 828 858 Berlio
851 809 880 858 et
900 795 1038 858 Henricus
1064 795 1099 858 de
1125 795 1201 858 Bella
1229 793 1322 857 comba

256 894 449 974 quietaverunt
459 906 487 956 et
494 892 660 956 remiserunt
672 893 750 955 dom⁰
766 891 897 973 dalphino
913 899 1026 955 Petrum
1041 891 1183 954 Gotalredi
1196 892 1231 954 de
1245 897 1324 953 Bara-

160 1053 161 1056 ,
255 989 289 1052 lis
303 1003 331 1053 et
340 989 472 1072 quicquid
487 990 514 1052 in
531 989 593 1072 ipso
614 989 755 1053 habebant
770 1003 797 1052 et
809 989 837 1050 in
852 988 964 1051 vsolid.
981 989 1016 1052 de
1028 988 1130 1070 placito
1143 988 1171 1050 in
1184 989 1244 1070 ipso
1262 999 1287 1050 et
1299 987 1322 1049 in

255 1087 339 1150 rebus
353 1087 422 1165 suis,
438 1087 553 1151 retentis
564 1086 618 1150 sibi
625 1087 685 1150 aliis
699 1087 802 1169 usagiis
816 1086 906 1150 eidem
923 1086 1024 1149 debitis
1039 1104 1091 1168 per
1109 1085 1177 1148 dict.
1195 1093 1309 1149 Petrum.

175 1253 185 1276 ,
296 1185 364 1264 843.
382 1191 462 1261 Item,
481 1184 568 1267 quod.
585 1185 622 1247 al.
641 1183 853 1247 instrumentum
873 1182 952 1264 publ.
967 1182 1011 1263 (ut
1023 1182 1109 1265 713),
1122 1181 1266 1245 continens
1278 1181 1324 1242 ho-
1404 1199 1405 1222 τ

254 1280 375 1361 magium
389 1279 484 1362 ligium
499 1281 645 1362 prestitum
660 1281 739 1344 dom‘·
752 1294 849 1345 nostro
869 1281 1001 1363 delphino
1019 1280 1205 1363 pernobilem
1221 1287 1322 1343 Petrum

254 1376 290 1438 de
306 1377 438 1440 Fontanis
452 1391 481 1440 et
492 1378 679 1442 terminum...
892 1456 896 1462 Ι

295 1473 364 1551 844.
382 1480 462 1550 item,
481 1474 569 1555 quod.
583 1474 621 1537 al.
645 1475 857 1539 instrumentum
872 1474 950 1556 publ.
966 1475 1100 1556 scriptum
1122 1492 1206 1537 manu
1233 1471 1322 1537 Humb'

255 1570 335 1632 Pilati
347 1584 408 1633 not.
426 1570 494 1651 pub.
512 1571 564 1634 sub
579 1591 653 1636 anno
670 1573 725 1635 Diti
747 1579 1030 1651 n⁰ccc⁰xxx1111⁰,
1049 1573 1146 1636 indict.
1163 1585 1207 1650 11²,
1236 1573 1277 1634 die
1290 1590 1322 1634 xv

253 1671 359 1752 aprilis,
377 1671 523 1734 continens
537 1671 613 1753 quod
629 1671 769 1734 lohannes
790 1671 825 1734 de
843 1671 907 1734 Alto
930 1671 1025 1748 vilari,
1048 1671 1177 1734 dominus
1194 1671 1256 1734 dicti
1277 1669 1324 1732 loci

252 1768 379 1851 illiusque
396 1769 472 1831 Petri
486 1769 523 1830 de
534 1769 597 1831 hlto
612 1768 707 1844 vilari,
724 1768 827 1832 domini
842 1769 908 1832 dicti
921 1769 975 1832 loci
986 1770 1118 1846 condam,
1130 1769 1270 1832 confessus
1280 1767 1325 1830 fuit

253 1886 283 1928 se
293 1881 390 1929 tenere
404 1880 432 1929 et
452 1879 548 1929 tenere
563 1865 634 1929 velle
648 1880 676 1929 et
690 1865 794 1928 debere
803 1878 906 1928 tenere
921 1886 937 1928 a
954 1865 1032 1947 dom⁰
1047 1879 1143 1929 nostro
1166 1863 1323 1947 dalphlnoin

250 1964 365 2026 feudum
378 1977 407 2026 et
420 1963 455 2026 de
472 1963 578 2026 directo
590 1962 713 2026 dominio
723 1963 809 2043 ipsius
824 1962 853 2025 d.
870 1962 964 2044 dalph.
977 1981 1033 2040 res,
1049 1963 1124 2026 bona
1137 1976 1165 2026 et
1173 1964 1233 2042 jura
1242 1961 1323 2024 omnia

252 2080 427 2143 quecumque
439 2059 534 2136 habet,
552 2073 639 2136 tenet,
651 2059 777 2142 possidet
793 2059 838 2121 vel
847 2059 928 2141 quasi
944 2078 994 2139 per
1014 2079 1044 2121 se
1058 2059 1103 2122 vel
1117 2079 1167 2140 per
1179 2060 1259 2122 alium
1273 2057 1323 2138 ejus

251 2157 364 2220 nomine
378 2157 414 2220 ab
429 2177 501 2239 aqua
516 2156 552 2219 de
567 2163 656 2240 Baytz
670 2175 768 2219 versus
792 2155 1034 2239 Graysivodanum
1051 2169 1079 2220 et
1100 2156 1129 2218 in
1142 2169 1203 2220 toto
1225 2155 1324 2238 Graysi-

146 2298 149 2303 -
251 2253 376 2328 vodano,
395 2253 453 2316 sive
467 2253 522 2316 sint
536 2273 585 2316 seu
600 2253 754 2316 consistant
776 2252 804 2314 in
818 2252 901 2315 meris
918 2265 946 2315 et
968 2252 1060 2316 mixtis
1077 2253 1211 2335 imperiis,
1234 2251 1324 2334 juridi-
1404 2243 1405 2312 ζ

251 2351 389 2427 tionibus,
403 2349 516 2433 taylliis,
529 2349 664 2427 serviciis,
683 2349 786 2431 usagiis
800 2362 829 2411 et
841 2349 1026 2432 complayntis
1037 2349 1097 2412 sive
1110 2351 1139 2413 in
1149 2351 1208 2414 aliis
1223 2350 1325 2432 quibus·
1404 2397 1405 2404 τ

250 2467 370 2529 cumque
380 2446 476 2522 rebus,
490 2446 615 2526 exceptis
629 2460 722 2508 tamen
740 2445 792 2508 hiis
815 2465 870 2527 que
888 2459 965 2508 tenet
981 2467 997 2508 a
1012 2447 1091 2509 dom0
1105 2449 1207 2512 comite
1221 2447 1324 2511 Ceben·
1404 2449 1405 2474 ¹

250 2544 341 2620 nensi,
361 2557 389 2606 et
400 2563 452 2625 pro
469 2543 602 2626 predictis
619 2543 767 2608 confitetur
780 2543 899 2624 predict.
917 2544 1057 2607 lohannes
1075 2565 1106 2609 se
1120 2565 1183 2609 esse
1196 2546 1323 2608 hominem
1404 2601 1405 2610 ,

250 2642 317 2704 dicti
345 2641 422 2704 dom.
451 2641 573 2723 delphini
599 2655 628 2705 et
646 2642 736 2706 eidem
760 2642 920 2724 homagium
937 2656 966 2706 et
985 2641 1146 2708 fidelitatem
1160 2643 1283 2726 prestitit,
1299 2653 1324 2703 et

250 2740 329 2819 plura
344 2738 396 2800 alia
412 2752 495 2819 prout
507 2739 536 2801 in
551 2739 626 2802 dicto
643 2740 734 2802 ἰττεττιο
747 2740 936 2803 continentur.

291 2836 359 2915 845.
381 2842 460 2911 ltem,
488 2835 576 2918 quod.
602 2837 639 2922 al.
664 2836 876 2900 instrumentum
901 2837 979 2918 publ.
1007 2837 1049 2919 (ut
1076 2837 1162 2920 7¹3),
1189 2833 1323 2899 continens

249 2931 408 3015 homagium
419 2932 455 2995 de
469 2952 590 3015 persona
605 2934 750 3016 prestitum
765 2935 846 2997 dom0
856 2948 952 2999 nostro
966 2935 1098 3017 dalphino
1115 2953 1166 3017 per
1179 2934 1322 2997 iohannem

250 3030 408 3112 Reymondi
423 3029 459 3092 de
476 3030 568 3094 huriis
585 3044 614 3094 et
626 3031 814 3094 terminum...

290 3128 360 3207 846.
380 3134 460 3204 Item,
482 3130 570 3211 quod.
588 3130 626 3192 al.
643 3129 855 3194 instrumentum
866 3130 910 3211 (ut
921 3129 1005 3212 828),
1022 3130 1067 3192 die
1084 3149 1131 3193 xvi
1148 3151 1237 3195 mens.
1251 3127 1321 3210 junii,

248 3224 394 3288 continens
404 3225 563 3307 homagium
579 3227 723 3307 prestitum
741 3227 820 3289 dom⁰
836 3239 932 3290 nostro
949 3226 1080 3308 dalphino
1096 3227 1279 3308 pernobilem
1298 3235 1323 3286 et

248 3336 390 3404 potentem
405 3322 495 3385 virum
508 3323 586 3386 dom.
608 3323 764 3388 Disderium
779 3324 814 3386 de
827 3324 1005 3387 caesenatico
1023 3324 1135 3387 militem
1151 3337 1171 3389 ¹.

288 3421 357 3499 847.
385 3427 464 3498 Item,
492 3421 579 3501 quod.
603 3421 639 3483 al.
665 3421 879 3484 instrumentum
899 3421 976 3502 publ.
997 3422 1129 3509 scriptum
1149 3441 1232 3485 manu
1253 3419 1321 3500 li'ug.

248 3517 401 3581 Chabuellii
417 3518 517 3580 notarii
535 3517 614 3599 publ.
637 3518 690 3581 sub
707 3538 781 3581 anno
810 3519 864 3581 Dr'ri
882 3524 1111 3596 M⁰CC⁰XC⁰Vl⁰,
1129 3518 1215 3582 indic.
1237 3531 1275 3594 τ’,
1296 3516 1322 3577 in

247 3632 344 3677 mense
374 3601 548 3691 novembris,
587 3616 734 3679 continens
769 3617 844 3698 quod
880 3615 964 3678 Alisia
996 3633 1067 3677 uxor
1101 3616 1221 3678 condam
1254 3611 1323 3677 Petri

248 3711 395 3792 Margallii,
407 3699 549 3775 et'l’etrus
564 3719 693 3776 Genetes
714 3727 742 3776 et
758 3713 926 3775 Alamandus
944 3712 1088 3794 Margallii,
1114 3712 1323 3792 fratres‘filiique

229 3805 320 3888 ¹dicte
344 3807 439 3884 illisis,
457 3808 645 3873 vendiderunt
667 3810 705 3872 ill¹
734 3811 813 3873 dom⁶
828 3809 977 3892 B(eatrici)
1002 3809 1114 3872 domine
1128 3809 1281 3893 Fucigniaci
1297 3819 1323 3869 et
1374 3833 1378 3842 ·

246 3902 306 3983 ejus
323 3903 473 3968 heredibus
499 3925 545 3970 res
565 3907 765 3991 infrascriptos,
782 3907 867 3970 videl.
889 3925 929 3970 1111
947 3907 1061 3970 sestaria
1078 3907 1208 3971 frumenti
1229 3921 1323 3970 census

245 4014 275 4064 et
289 4020 308 4062 11
325 4001 445 4066 civerios
458 4004 621 4068 nucleorum
630 4024 730 4070 census
742 4019 788 4069 etr
803 4005 928 4086 quartale
940 4024 1030 4070 avene
1045 4022 1146 4068 census
1156 4019 1184 4068 et
1197 4025 1215 4068 u
1229 4005 1320 4068 denar.

284 4237 307 4276 ι.
323 4221 362 4278 lin
374 4240 408 4281 m.
424 4224 528 4283 Cassen.
543 4236 569 4284 et
584 4231 679 4291 Montis
692 4229 810 4310 Rigaudi.
837 4303 841 4310 ,
918 4259 921 4266 ·
