2844 4900
687 421 724 436 -
752 404 804 469 ¹5²
825 421 865 435 .-

235 519 334 582 notarii
357 519 410 582 sub
424 535 499 580 anno
522 517 578 580 oni
589 523 812 595 M00C0Lx1110,
836 517 922 580 indic.
950 535 990 594 vt,
1019 516 1065 579 die
1081 529 1165 578 7ιιιιιιΙ
1187 485 1303 577 'intrante

235 633 331 677 mense
353 613 529 696 septembris,
558 615 703 678 continens
719 614 913 679 vendicionem
929 613 1030 676 iactam
1048 632 1099 694 per
1124 620 1231 676 Petrum
1243 611 1304 673 Abo
1409 613 1410 630 ¹

234 709 310 775 dicto
327 711 393 795 (de)
416 718 518 774 Sancto
539 712 651 776 Ymerio
672 727 701 776 et
715 713 892 795 Margaritam
919 711 978 792 ejus
990 731 1108 774 uxorem
1135 711 1211 772 dom⁰
1223 717 1306 772 Petro

234 805 356 886 horosii,
372 810 416 872 cui
430 810 565 873 successit
587 811 726 888 dominus,
747 812 832 874 videl.
848 811 884 874 de
898 829 906 872 ι
920 810 1036 874 sestario
1049 810 1106 872 vini
1120 828 1216 872 census
1229 807 1304 870 reci-

234 906 319 989 pienti
326 927 411 989 super
422 907 508 990 quad.
523 909 597 990 petia
609 909 691 972 vinee
703 923 732 972 et
749 929 834 991 super
858 910 942 992 quad.
975 908 1050 991 petia
1069 907 1140 989 prati
1155 920 1182 970 et
1194 925 1275 988 super
1288 924 1306 967 u

133 1081 134 1084 Ἴ
235 1003 321 1085 peciis
329 1017 404 1067 terre
412 1003 558 1068 confinalis
568 1005 597 1068 in
610 1006 685 1070 dicto
694 1006 786 1069 instr¹⁰
797 1006 924 1088 etposite
934 1006 1008 1088 apud
1020 1014 1143 1067 Montem
1152 1003 1306 1078 Bonodum,

234 1119 288 1181 pro
300 1100 401 1184 quibus
410 1103 529 1166 confessi
543 1102 654 1167 fuerunt
666 1103 732 1167 dicti
746 1105 879 1185 conjuges
892 1117 989 1191 tenere
1013 1102 1049 1167 de
1060 1102 1144 1166 leudo
1159 1115 1187 1165 et
1197 1099 1308 1163 n'omine

235 1197 311 1260 leudi
325 1199 498 1281 predictres
511 1221 529 1264 a
542 1200 617 1265 dicto
631 1201 708 1264 dom.
723 1207 758 1264 Ρ.
774 1200 896 1264 hurucii.

276 1295 345 1374 870.
372 1303 452 1374 Item,
480 1285 569 1382 'quod
582 1299 619 1362 al.
642 1299 855 1362 instrumentum
874 1297 1005 1379 scriptum
1025 1315 1109 1382 manu
1132 1292 1254 1357 Garuerii
1276 1292 1310 1354 de

236 1397 362 1477 correyo
370 1394 471 1458 notarii
481 1395 573 1479 publ,
587 1397 639 1459 sub
654 1396 797 1459 annolini
812 1401 1014 1470 M⁰CC⁰LXV⁰,
1031 1393 1076 1456 die
1091 1391 1179 1454 sabati
1188 1404 1250 1473 post
1260 1390 1313 1452 les·

236 1505 294 1553 tum
309 1491 337 1553 b¹
352 1492 495 1574 Stephani,
511 1495 657 1558 continens
672 1495 831 1576 homagium
848 1493 943 1575 ligium
969 1490 1114 1573 prestitum
1132 1487 1263 1572 Syboudo
1277 1486 1311 1548 de

237 1595 412 1653 castronovo
425 1577 476 1673 per
488 1592 637 1656 Macrinum
652 1591 779 1655 Artoudi.

276 1688 346 1772 871ἰ
363 1691 536 1772 Item,qued.
553 1690 649 1754 lietera
662 1690 764 1771 scripta
785 1687 837 1751 sub
854 1706 928 1750 anno
950 1686 1004 1749 Diti
1021 1689 1212 1764 M⁰CC⁰‚Lvl⁰,
1232 1680 1311 1744 indit.

235 1802 308 1860 xuu,
323 1803 374 1847 vur
388 1786 501 1850 kalend.
523 1787 628 1870 aprilis,
651 1789 796 1850 continens
812 1786 972 1867 homagium
994 1785 1088 1867 ligium
1116 1798 1144 1847 et
1156 1781 1313 1845 fidelitatem

235 1883 379 1964 prestitam
392 1885 471 1947 dom⁰
493 1874 642 1969 G(uigoni)
660 1885 790 1967 dalphino
805 1884 955 1948 Viennensi
970 1903 1021 1965 per
1032 1883 1108 1946 dom.
1126 1879 1314 1963 G(0nterium)

237 1978 456 2057 de‘Brianczon,
482 1995 510 2044 et
530 1981 612 2067 (pro)
625 1982 745 2066 ‘predict
760 1980 893 2043 fidelitate
908 1993 938 2043 et
956 1979 1085 2061 homagio
1099 1979 1172 2041 idem
1186 1978 1262 2040 dom.
1279 1983 1312 2038 G.

237 2076 384 2159 dalphinus
405 2079 480 2143 dicto
494 2080 570 2144 dom.
588 2082 663 2145 G.de
676 2080 832 2143 Brianczon
846 2078 924 2141 dedit
936 2091 965 2140 et
979 2077 1117 2145 concessit
1138 2077 1167 2139 in
1181 2092 1316 2157 augmen-

237 2187 300 2237 tum¹
310 2177 385 2240 leudi
398 2178 475 2259 quod
493 2178 529 2240 ab
543 2198 576 2241 eo
590 2178 703 2242 tenebat
718 2177 870 2262 dominium
895 2177 954 2238 sive
968 2175 1081 2237 feudum
1107 2173 1181 2256 quod
1205 2172 1316 2236 tenebat

237 2271 351 2353 abipso
368 2273 501 2356 dalphino
513 2274 655 2338 villelmus
674 2275 772 2336 Guersi
791 2274 827 2336 de
843 2274 920 2335 Bella
935 2272 1041 2335 Comba
1071 2286 1100 2335 et
1127 2271 1214 2348 Odo‚·
1227 2269 1316 2333 Berlio
1409 2313 1410 2358 ,

237 2383 266 2432 et
291 2371 440 2448 Henricus,
468 2370 516 2433 filii
535 2371 605 2452 ejus,
623 2371 652 2433 in
669 2371 753 2433 domo
771 2372 806 2434 de
825 2370 902 2433 Bella
916 2370 1023 2433 comba
1039 2383 1067 2432 et
1089 2369 1118 2431 in
1138 2368 1214 2430 dicto
1228 2379 1316 2431 castro
1409 2363 1410 2386 ¹

175 2459 177 2466 ’
237 2466 273 2529 de
284 2468 361 2530 Bella
373 2467 480 2530 comba
495 2468 547 2530 sub
561 2468 652 2531 modis
665 2482 693 2530 et
707 2469 918 2532 condicionibus
934 2468 963 2530 in
974 2468 1048 2530 dicta
1059 2467 1154 2530 lietera
1169 2465 1314 2528 contentis.

278 2564 347 2642 872.
365 2571 446 2640 ltern,
465 2564 551 2645 quod.
564 2566 600 2628 al.
616 2565 828 2629 instrumentum
842 2564 920 2647 publ.
935 2565 1068 2646 scriptum
1081 2583 1164 2626 manu
1182 2562 1316 2626 Hunberti

238 2660 346 2722 Merleti
374 2660 474 2722 notarii
498 2661 576 2743 publ.
602 2661 654 2725 sub
679 2681 752 2724 anno
771 2662 825 2723 Diti
846 2661 1204 2738 m⁰cc⁰uxxx11⁰,indic.
1221 2659 1317 2738 x³,die

236 2755 325 2819 sabati
348 2770 413 2838 post
440 2758 642 2838 Camiprivium
667 2772 759 2838 vetus,
778 2760 925 2823 continens
946 2759 1021 2842 quod
1050 2766 1140 2822 Goras
1171 2759 1257 2844 Palus
1284 2757 1318 2818 de

236 2861 332 2918 Monte
347 2855 466 2918 Bonodo
481 2856 568 2933 dedit,
585 2857 701 2920 donavit
724 2857 879 2921 donacione
901 2859 973 2920 inter
1002 2858 1084 2920 vivos
1108 2864 1191 2920 Petro
1208 2855 1317 2919 hurucii

236 2951 395 3029 domicello,
412 2953 456 3016 cui
471 2953 605 3017 successit
615 2954 691 3017 dorn.
708 2955 866 3036 dalphinus,
883 2975 981 3018 omnes
993 2975 1038 3017 res
1051 2975 1099 3017 seu
1114 2953 1315 3036 possessiones,

235 3050 348 3114 mobilia
365 3065 393 3114 et
413 3051 555 3115 inmobilia
581 3066 608 3115 et
625 3053 717 3116 omnia
731 3055 790 3134 jura
805 3075 859 3136 que
877 3068 905 3117 et
917 3074 986 3136 quas
1001 3053 1122 3116 habebat
1147 3053 1193 3114 vel
1216 3054 1317 3116 habere

234 3160 345 3230 poterat
359 3162 387 3211 et
400 3140 521 3211 debebat
534 3147 562 3211 in
576 3150 772 3213 mandamento
789 3151 893 3214 Montis
916 3151 1036 3227 Bonodi,
1059 3151 1113 3213 sint
1126 3163 1210 3225 terre,
1228 3163 1316 3231 prata,
1409 3227 1410 3236 ἵ

235 3265 350 3309 nemora
363 3246 409 3310 vel
423 3247 505 3310 vinee
519 3267 568 3310 seu
585 3248 703 3312 servicia
719 3249 764 3310 vel
777 3249 1063 3332 usagia'quecumque
1079 3249 1134 3311 sint
1146 3247 1191 3310 vel
1205 3245 1318 3329 reperiri

234 3344 342 3428 possint
356 3366 372 3409 a
386 3345 447 3408 celo
463 3344 597 3427 usquead
612 3345 755 3423 abussum,
768 3345 821 3408 sub
838 3347 927 3409 modis
941 3359 970 3410 et
983 3343 1193 3410 condicionibus
1203 3344 1233 3406 in
1246 3345 1317 3407 dicto

233 3443 324 3506 instr²o
337 3441 487 3506 contentis.

275 3540 345 3620 873.
363 3547 443 3618 Item,
460 3540 547 3623 quod.
562 3540 599 3603 al.
611 3541 823 3605 instrumentum
838 3542 916 3624 publ.
929 3542 1063 3625 scriptum
1077 3562 1161 3605 manu
1180 3539 1316 3605 Hunbeni

234 3636 270 3700 de
302 3644 406 3702 Sancto
431 3638 573 3702 Dalmacio
596 3639 696 3702 notarii
716 3639 794 3720 publ.
823 3639 875 3702 sub
900 3660 973 3703 anno
999 3647 1200 3715 M⁰CC⁰LXll⁰,
1233 3639 1314 3704 indic.

233 3749 276 3813 ve,
289 3735 334 3798 die
346 3754 394 3798 xvi
408 3735 534 3800 intrantis
549 3737 652 3800 mensis
665 3736 834 3814 decembris,
851 3739 995 3801 continens
1015 3739 1089 3820 quod
1106 3745 1205 3801 Petrus
1223 3726 1318 3800 Chou-

233 3833 328 3896 nesius
346 3846 375 3896 et
394 3832 506 3898 Mobilia
522 3835 582 3915 ejus
608 3854 679 3897 uxor
693 3835 880 3898 vendiderunt
902 3849 929 3898 et
942 3835 1117 3898 tradiderunt
1133 3836 1211 3897 dom⁰
1236 3841 1316 3896 Petro

233 3930 347 3993 Aurucii
373 3949 381 3992 ι
403 3933 528 4012 quartale
556 3932 686 3996 frumenti
716 3951 817 3996 census
842 3933 918 4014 quod
946 3933 1012 3995 dare
1035 3947 1062 3996 et
1085 3934 1193 3996 solvere
1207 3945 1316 3996 tenetur

168 4072 172 4079 -
235 4035 336 4091 Petrus
352 4028 450 4090 Berlus
464 4042 492 4092 et
507 4048 515 4091 r
530 4030 667 4118 eyminum
685 4050 786 4108 avene,
801 4030 891 4112 pretio
905 4043 933 4094 et
947 4044 1072 4100 mercato
1086 4050 1122 4094 xx
1137 4030 1219 4094 solid.
1229 4030 1316 4093 bono·

232 4148 294 4191 rum
311 4127 474 4192 viennen...
