2844 4900
688 447 847 526 -76-

232 576 315 641 habet
331 579 359 640 in
376 593 468 642 castro
484 580 577 644 Sancti
593 580 703 642 Nazarii
717 593 746 643 et
763 580 936 662 pertinentiis
953 581 1090 660 ejusdem,
1110 582 1175 646 item
1193 582 1308 644 feudum
1419 561 1420 568 ἵ

230 674 306 756 quod
320 673 380 757 ipse
391 676 475 739 babet
488 677 517 737 in
531 689 610 757 parte
626 696 708 758 quam
722 690 800 740 tenet
815 677 892 738 dom.
909 677 1101 760 G(uiieilmus)
1115 678 1151 741 de
1182 676 1309 742 Pictavia
1419 675 1420 694 ³

230 770 258 831 in
272 782 346 831 terra
355 783 383 832 ct
397 771 525 853 segnoria
537 772 622 834 castri
639 772 754 835 Clariaci
769 786 798 836 et
811 773 897 854 Rupis
918 773 954 836 de
966 774 1048 857 Cluy,
1064 774 1129 836 irem
1144 787 1174 837 et
1186 789 1309 838 castrum

232 867 401 930 Montisciari
411 886 473 929 cum
490 868 549 946 ejus
561 868 743 949 pertinentiis,
760 883 788 932 et
800 869 892 932 ornnia
905 869 958 931 alia
983 870 1005 931 si
1030 870 1108 950 plura
1119 871 1310 951 reperirentur

231 961 306 1024 dicto
321 961 397 1024 dom.
414 962 545 1044 dalphino
562 978 590 1027 et
607 965 666 1044 ejus
685 965 909 1029 antecessoribus
921 965 1063 1044 recognita
1078 967 1107 1028 in
1119 967 1312 1030 instrumentis

232 1077 280 1120 seu
306 1059 388 1121 cartis
419 1079 469 1140 per
482 1060 571 1142 ipsum
582 1061 716 1125 factarum
729 1063 810 1125 domo
825 1063 974 1145 G(uigoni)
985 1063 1115 1144 dalphino
1130 1064 1251 1126 condam
1266 1063 1311 1126 vel

232 1155 310 1217 dom⁰
328 1157 481 1220 Humberto
498 1158 563 1220 olim
577 1158 709 1240 dalphino
726 1160 796 1241 patri
816 1160 889 1221 dom¹
904 1159 1046 1234 lobannis,
1063 1174 1092 1222 et
1107 1180 1158 1241 pto
1177 1161 1313 1242 predictis

205 1323 208 1332 .
232 1251 323 1314 dictus
335 1252 411 1315 dom.
424 1261 559 1337 Aymarus
569 1256 726 1337 homagium
741 1256 834 1338 ligium
850 1257 924 1319 dicto
940 1257 1016 1338 dom.
1030 1257 1163 1337 dalphino
1177 1258 1309 1338 prestitit.

275 1350 340 1428 388.
366 1357 445 1425 item,
461 1352 548 1434 quod.
565 1353 642 1434 publ.
667 1345 878 1416 instrumentum
896 1354 1028 1434 scripturn
1050 1373 1133 1416 manu
1158 1354 1309 1416 Raimundi

234 1446 336 1508 Esmini
349 1446 385 1509 de
397 1448 518 1532 Upaysio
536 1449 635 1512 notarii
659 1451 750 1531 publ„
767 1451 818 1512 sub
834 1469 907 1513 anno
925 1450 978 1512 oni
993 1456 1251 1524 mrccc⁰xxx11⁰,
1266 1448 1312 1511 die
1420 1509 1421 1534 ,

232 1555 291 1604 xrx³
305 1544 406 1607 mensis
427 1545 602 1625 septembris,
628 1547 773 1610 continens
787 1547 861 1630 quod
875 1547 951 1610 dom.
968 1555 1104 1629 nymarus
1120 1547 1156 1609 de
1168 1546 1307 1621 Pictavia,

231 1658 325 1702 comes
341 1641 514 1704 Valentinen.
531 1655 559 1704 et
573 1642 692 1721 biensis,
709 1643 854 1706 confessus
867 1643 919 1706 fuit
930 1657 958 1705 et
972 1642 1137 1723 recognovit
1159 1661 1190 1704 se
1213 1656 1313 1704 tenere
1420 1675 1421 1716 ff

231 1750 259 1798 et
269 1749 365 1800 tenere
376 1737 479 1801 debere
499 1738 527 1800 in
544 1739 656 1801 feudum
683 1739 760 1801 dom⁰
780 1740 899 1821 Guigoni
930 1739 1061 1820 dalphino
1091 1738 1241 1800 Viennensi
1266 1758 1312 1800 res

230 1832 430 1916 infrascriptas,
445 1835 530 1898 videl.
547 1850 667 1898 castrum
683 1836 719 1898 de
732 1837 816 1899 Stella
829 1836 890 1916 {sub
906 1850 982 1898 certa
1002 1835 1102 1908 forma,
1115 1833 1182 1896 item
1205 1847 1313 1896 terrant

231 1949 308 1992 suam
327 1931 363 1994 de
381 1933 495 2008 Remis,
517 1946 619 1995 terram
637 1933 783 2016 Clayriaci‚
810 1933 912 1996 Montis
931 1932 1004 1995 Clari
1027 1932 1079 1995 sub
1102 1944 1178 1996 certa
1206 1930 1311 2008 forma,

232 2043 353 2092 castrum
368 2030 404 2092 de
418 2037 540 2108 Verona,
554 2031 731 2094 medietatem
741 2031 805 2093 ville
817 2031 853 2093 de
868 2030 1052 2112 Taulignano,
1066 2036 1185 2091 Pontem
1199 2029 1311 2108 Aujatt,

231 2126 407 2190 medietatem
421 2142 450 2192 et
464 2121 656 2194 duodecimam
673 2142 780 2212 partem
797 2127 947 2191 Audefredi
961 2140 989 2189 et
1008 2127 1147 2189 territoria
1167 2145 1223 2207 que
1246 2139 1314 2189 sunt

232 2224 300 2286 citra
315 2245 415 2305 aquam
430 2241 557 2288 vocatam
572 2235 635 2301 Les,
660 2239 688 2288 et
709 2225 822 2288 feudum
845 2224 920 2306 quud
942 2237 1038 2287 tenent
1056 2223 1084 2286 in
1109 2223 1311 2285 mandamento

233 2321 299 2384 dicti
316 2322 398 2384 castri
413 2323 531 2386 heredes
554 2323 658 2406 P(etri)
687 2322 723 2385 de
751 2322 929 2402 Monteiovis,
959 2334 987 2383 et
1001 2319 1080 2401 plura
1105 2320 1158 2381 alia
1174 2319 1260 2381 feuda
1283 2320 1312 2382 in

232 2419 307 2482 dicto
320 2420 503 2484 instrumento
516 2422 656 2484 declarata
666 2435 694 2483 et
705 2420 875 2502 specificata,
890 2434 918 2482 et
924 2418 989 2482 inde
1002 2417 1121 2500 prestitit
1130 2417 1220 2480 eidem
1226 2418 1306 2480 dom.

233 2515 363 2596 dalphino
378 2518 536 2598 homagium
553 2519 605 2580 sub
618 2519 707 2580 forma
725 2518 753 2580 in
768 2518 843 2580 dicto
854 2517 1037 2580 instrumento
1052 2527 1193 2578 contenta.

276 2613 340 2693 389·
360 2621 439 2690 ltem,
462 2615 548 2696 quod.
571 2615 609 2677 ai.
628 2614 840 2678 instrumentum
866 2634 949 2678 manu
973 2613 1072 2676 notarii
1102 2611 1227 2692 proxime
1244 2611 1314 2674 dicti

232 2709 401 2787 coniectum,
428 2710 480 2773 sub
505 2731 593 2786 anno,
611 2711 725 2787 indict,
738 2712 783 2774 die
806 2725 836 2774 et
857 2711 920 2774 loco
938 2711 1039 2793 quibus
1053 2729 1148 2791 supra,
1164 2707 1315 2770 continens

233 2806 315 2869 etiam
330 2807 416 2870 verba
428 2808 457 2870 in
472 2808 572 2872 effectu
588 2809 682 2891 quein
697 2809 751 2871 alio
767 2810 892 2891 proxime
906 2809 981 2872 dicto
995 2809 1085 2873 instr¹⁰
1100 2793 1292 2870 continentur.

276 2923 341 2986 390.
359 2912 438 2982 item,
450 2907 539 2988 quod.
568 2909 636 2989 pub.
664 2909 875 2970 instrumentum
897 2907 940 2990 (ut
957 2907 1064 2990 388)...
1083 2906 1227 2987 Upasio...
1258 2924 1309 2968 an.

234 3008 342 3064 incarn.
363 3003 489 3067 Ditice...
505 3004 573 3081 bris,
604 3025 626 3066 1e
648 3005 759 3083 indict,
784 3019 860 3068 cont.
879 3025 908 3086 q.
926 3004 955 3066 d.
974 3011 1007 3065 Α.
1024 3004 1118 3077 deP.‚
1133 3021 1160 3064 c.
1178 3009 1214 3064 V.
1230 3014 1259 3064 et
1275 3008 1313 3064 D.

232 3118 347 3183 recogn.
362 3120 392 3162 se
408 3113 466 3163 ten.
482 3101 518 3162 de
532 3102 616 3165 feudo
632 3116 660 3164 et
674 3102 797 3163 dominio
817 3101 843 3162 d¹
858 3100 993 3182 Guigonis
1012 3099 1106 3180 dalph.
1122 3098 1202 3162 Vien.
1217 3117 1263 3160 res
1286 3111 1317 3161 et

232 3196 306 3259 bona
329 3197 514 3279 infrascripta,
537 3199 595 3261 vid.
610 3212 731 3261 castrum
749 3199 784 3259 de
800 3198 883 3260 Stella
896 3211 980 3278 prout
992 3197 1021 3259 in
1034 3197 1217 3259 instrumento
1230 3214 1317 3257 com-

231 3291 375 3373 positionis
402 3295 520 3356 condam
549 3296 621 3358 facte
643 3297 715 3358 inter
734 3296 948 3376 predecessores
970 3294 1036 3356 dict.
1054 3292 1230 3355 dominorum
1247 3292 1315 3372 ple-

230 3388 293 3451 nius
317 3391 484 3470 continetur,
516 3393 547 3454 it.
573 3406 676 3454 terram
693 3413 771 3455 suam
801 3393 835 3455 de
853 3391 976 3475 Royanis
1003 3405 1030 3453 et
1046 3405 1149 3454 terram
1175 3388 1317 3472 Clayriaci

234 3506 315 3567 quam
341 3501 418 3551 tenet
443 3508 458 3550 a
478 3488 553 3551 dictu
573 3488 649 3550 dom.
680 3496 800 3573 Aymaro
826 3488 902 3550 dom.
927 3487 1088 3550 Guillelmus
1115 3485 1150 3547 de
1173 3484 1314 3563 Pictavia,

235 3591 357 3647 Montem
387 3586 509 3661 Clarum,
540 3586 646 3648 Bellum
678 3593 790 3648 Fortem
815 3605 877 3648 cum
905 3585 1056 3661 territorio,
1092 3595 1210 3665 excepto
1237 3582 1317 3646 iacto

235 3684 395 3746 Monasterii
409 3683 483 3765 quod
500 3684 551 3746 fuit
562 3685 635 3746 dom¹
648 3683 771 3764 episcopi
786 3683 960 3745 valentinen.
992 3694 1020 3743 et
1048 3681 1168 3756 Diensis,
1189 3693 1317 3742 castrum

234 3779 268 3860 (i.
295 3780 365 3860 8)...
381 3799 434 3840 ano
451 3793 479 3841 et
494 3787 603 3842 Pont...
625 3789 677 3842 Les
699 3800 797 3842 versus
813 3781 880 3842 dict.
897 3793 1029 3853 castrum,
1044 3793 1071 3840 et
1097 3778 1199 3840 feud...
1227 3778 1317 3840 castri

234 3875 271 3938 ab
284 3895 318 3938 eu
328 3875 398 3938 ultra
406 3875 472 3939 dict.
488 3897 588 3957 aquarn
604 3897 702 3941 versus
716 3877 885 3940 Alanconem
897 3877 957 3939 her.
975 3877 1050 3939 Petri
1064 3878 1099 3938 de
1113 3884 1207 3938 Monte
1221 3875 1315 3951 iovis,

234 3973 299 4036 item
317 3985 345 4034 et
357 3974 475 4054 quedam
491 3975 543 4037 alia
556 3975 639 4038 feuda
648 3976 677 4037 in
688 3967 763 4038 dicto
787 3975 877 4037 instr²0
888 3988 1029 4038 contenta.

281 4088 346 4151 39¹·
382 4077 460 4147 item,
484 4070 569 4152 quod.
599 4071 677 4154 publ.
707 4072 918 4135 instrumentum
941 4071 1097 4134 coniectum
1117 4088 1201 4131 manu
1226 4069 1315 4150 Guig.

237 4167 378 4231 Frumenti
395 4182 422 4231 et
439 4168 622 4251 subscriptum
646 4189 728 4232 manu
758 4170 859 4233 Humb¹
880 4169 960 4232 Pilati
976 4183 1035 4233 not.
1060 4168 1141 4250 pub.,
1164 4167 1216 4230 sub
1237 4187 1316 4230 anno
