2844 4900
700 463 857 542 „78-

241 597 411 663 amicabilem
426 593 611 660 'concordiam
627 614 676 659 seu
689 597 918 660 transsaetioriem
935 597 1035 660 factam
1049 585 1121 659 inter
1134 597 1195 658 illem
1210 597 1319 678 princi-

241 718 303 778 pem
318 697 459 758 dominum
477 708 602 757 nostrum
615 694 692 758 dom.
713 695 896 757 llumbertum
913 693 1072 776 dalphinum
1087 689 1275 757 Viennensem
1292 709 1319 757 et

240 793 388 856 nonnullos
404 791 530 856 homines
540 793 575 855 de
593 793 735 869 Romanis,
757 791 914 856 nominibus
928 792 985 855 suis
1001 805 1029 854 et
1041 793 1155 854 aliorum
1173 793 1316 854 hominum

240 890 426 952 universitatis
443 889 578 971 predicte,
594 909 678 970 super
692 889 808 952 diversis
822 903 850 951 et
863 888 964 950 mutuis
988 887 1177 970 questionibus
1198 903 1227 952 et
1248 909 1318 952 ran-

241 988 325 1064 curis,
341 1002 423 1068 prout
434 988 462 1050 in
479 988 540 1068 ipso
553 987 736 1049 instrumento
754 985 861 1067 plenius
875 985 1042 1048 continetur.

285 1103 351 1166 397.
370 1090 449 1161 ltem,
465 1083 551 1165 quod.
568 1084 605 1146 al.
630 1083 843 1146 instrumentum
858 1082 935 1163 publ.
952 1082 1085 1163 scriptum
1111 1089 1194 1146 ma'ntr
1210 1085 1318 1149 hiberti

242 1184 278 1246 de
288 1185 399 1267 Brayda
410 1184 509 1247 notarii
519 1183 670 1265 publ.,sub
677 1203 750 1246 anno
765 1183 818 1245 Diri
829 1187 1017 1259 M⁰CCC⁰lll⁰,
1035 1195 1099 1244 rrrrra
1115 1184 1218 1245 mensis
1233 1185 1315 1264 iunii,

241 1283 385 1344 continens
413 1280 606 1343 vendicionem
631 1279 773 1359 cujusdam
796 1280 897 1341 domus
917 1279 1018 1342 laetam
1044 1279 1081 1342 ill¹
1100 1281 1216 1361 principi
1237 1281 1318 1344 dom

240 1392 336 1441 nostro
354 1379 485 1460 dalphino
498 1399 548 1460 per
563 1379 639 1440 dom.
652 1377 809 1439 hmaudam
825 1396 939 1440 uxorem
956 1378 1075 1439 condam
1090 1376 1163 1439 dom*
1184 1379 1317 1442 Richardi

243 1475 368 1554 Berardi,
387 1496 441 1558 que
454 1476 553 1537 domus
570 1476 622 1538 sita
645 1488 688 1537 est
712 1475 785 1555 apud
798 1473 936 1550 Cerviam,
956 1475 1032 1553 iuxta
1047 1475 1210 1538 fortalicium
1232 1479 1318 1542 castri

131 1627 135 1648 ,
241 1572 277 1634 de
290 1573 399 1649 Cervia,
416 1573 592 1634 confrontata
611 1592 626 1634 a
646 1583 725 1653 parte
743 1591 797 1634 una
812 1592 874 1635 cum
888 1572 1005 1635 ecclesia
1019 1572 1084 1635 dieti
1100 1573 1193 1651 castri,
1220 1575 1266 1637 via
1288 1578 1317 1639 in

240 1669 343 1746 medio,
360 1668 388 1732 'et
405 1683 514 1751 aparte
528 1670 580 1731 alia
594 1689 666 1732 cum
677 1669 802 1750 hospicio
822 1670 956 1751 Guigonis
977 1669 1021 1732 del
1045 1677 1194 1754 Frayseus,
1218 1674 1317 1754 precio

241 1780 308 1828 xxx³
324 1780 352 1829 et
365 1787 397 1827 ve.
413 1766 544 1828 librarum
563 1767 700 1829 Viennen.
717 1780 799 1847 prout
817 1766 846 1828 in
863 1767 924 1847 ipso
942 1767 1124 1830 instrumento
1143 1769 1315 1832 continetur.

285 1863 350 1944 398.
382 1870 461 1938 ltem,
489 1862 574 1943 qued.
600 1862 695 1925 lietera
716 1862 743 1924 in
771 1862 903 1943 pendenti
928 1862 1038 1926 duobus
1064 1863 1158 1944 sigillis
1182 1865 1315 1946 sigillata,

241 1957 343 2039 scripta
359 1959 410 2022 sub
419 1979 493 2021 anno
512 1959 566 2021 Diri
579 1965 794 2036 M⁰CC⁰LX⁰V⁰,
810 1959 955 2022 continens
969 1959 1197 2042 compromissum
1211 1963 1316 2026 lactum

240 2053 311 2118 inter
325 2055 401 2117 dom.
419 2055 575 2137 Philippum
593 2057 642 2118 Dei
659 2057 746 2137 gratia
761 2057 848 2136 prime
860 2057 1053 2137 Lugdunensis
1065 2058 1183 2121 ecclesie
1195 2060 1316 2123 electum

241 2170 276 2213 err
287 2155 341 2214 una
356 2165 434 2233 parte
451 2166 479 2214 et
491 2153 551 2215 illem
571 2153 723 2234 principem
752 2153 828 2214 dom.
860 2154 1015 2234 Guigonem
1040 2155 1198 2236 dalphinum
1226 2159 1316 2222 Vien-

240 2255 354 2312 nensem
372 2269 406 2312 ex
421 2249 518 2327 altera,
534 2249 580 2331 qui
595 2269 625 2312 se
638 2250 902 2331 compromisserunt
914 2252 942 2312 in
957 2255 1042 2313 venles
1069 2253 1144 2316 viros
1158 2254 1316 2335 Guigonem

241 2348 358 2430 Payani,
380 2348 562 2412 llumbertum
577 2347 717 2409 dominum
735 2348 770 2410 de
785 2356 880 2411 Monte
896 2349 1051 2430 Luppellio,
1063 2351 1224 2433 magistrum
1240 2353 1317 2414 Guil-

240 2444 350 2505 lelmum
361 2444 396 2506 de
408 2451 500 2526 Varey
519 2457 547 2505 et
560 2445 719 2524 magistrum
736 2446 888 2508 iohannem
903 2444 939 2509 de
954 2446 1118 2524 Goneelino‚
1140 2461 1273 2530 tanquam
1288 2451 1316 2511 in

239 2539 418 2603 arbitrator'es
428 2539 598 2617 amicabiles,
614 2560 698 2622 super
710 2540 901 2622 questionibus
916 2556 944 2604 et
953 2543 1071 2623 querelis
1087 2564 1155 2625 quas
1174 2545 1317 2610 habebant

240 2636 276 2700 ad
288 2633 407 2700 invie'eih
423 2657 506 2719 super
532 2638 615 2699 leudo
638 2652 791 2701 castrorum
809 2640 843 2702 de
860 2648 1031 2722 Annonyaeo
1052 2654 1080 2703 et
1097 2640 1133 2703 de
1148 2648 1314 2723 Argentaut,

240 2733 316 2815 quod
341 2734 451 2797 dicebat
469 2734 559 2796 dictus
576 2735 652 2796 dom.
681 2735 785 2797 electus
812 2736 847 2797 ad
862 2757 891 2798 se
907 2736 1045 2817 pertinere
1065 2738 1171 2800 ratione
1197 2740 1317 2804 ecclesie

242 2830 445 2911 Lugdunensis,
459 2845 487 2893 et
499 2851 583 2912 super
596 2845 687 2893 castro
701 2833 736 2894 de
752 2839 882 2913 Septemo
896 2847 924 2895 et
937 2833 1114 2913 pertinenciis
1127 2834 1316 2898 mandamenti

240 2922 374 3022 ejusdem,
391 2924 465 3010 quod
481 2927 571 2991 dictus
588 2928 829 3010 dom.,dalphinus
843 2929 954 2993 dicebat
961 2929 996 2991 ad
1011 2929 1043 2993 se'
1050 2930 1189 3010 pertinere
1201 2931 1315 2993 racione
1419 2989 1420 2992 ,

240 3023 353 3086 dominii
370 3038 398 3087 et
406 3045 468 3088 esse
480 3025 516 3088 de
530 3025 614 3088 leudo
626 3045 688 3103 suo,
706 3033 732 3089 et
746 3046 830 3108 super
845 3025 919 3088 omni
933 3027 1078 3109 questione
1102 3042 1177 3089 mota
1191 3041 1219 3091 et
1250 3049 1315 3092 mo-

218 3121 331 3202 ¹venda
360 3121 432 3185 inter
453 3123 540 3204 ipsos,
559 3124 656 3187 dantes
684 3138 712 3186 et
741 3124 928 3187 concedentes
952 3125 1027 3207 quod
1053 3126 1170 3206 predicti
1195 3140 1316 3208 quatuor

238 3219 346 3299 possint
352 3220 490 3300 predictas
507 3222 665 3302 questiones
680 3234 708 3282 et
722 3222 848 3302 querelas
856 3221 1039 3284 determinare
1052 3222 1203 3284 secundum
1216 3223 1317 3285 volun·

238 3330 323 3379 tatem
340 3337 428 3395 suam,
445 3337 542 3398 pacem
557 3319 602 3380 vel
615 3319 830 3381 transactionem
856 3318 983 3380 iaciendo
1005 3334 1087 3399 prout
1107 3319 1146 3382 eis
1160 3320 1313 3398 videbitur,

240 3426 268 3475 et
287 3407 413 3496 quitquid
428 3416 544 3495 predicti
555 3429 673 3497 quatuor
686 3416 731 3478 vel
745 3415 801 3477 duo
816 3409 851 3478 de
865 3414 932 3497 ipsis
943 3417 1152 3480 terminaverint
1167 3437 1231 3479 eum
1246 3437 1315 3480 eon-

239 3505 299 3568 silio
311 3507 357 3569 illis
369 3507 422 3570 viri
440 3508 516 3570 dom.
532 3510 607 3570 Petri
622 3509 728 3573 comitis
747 3510 896 3587 sabaudie,
910 3513 984 3593 quod
1004 3514 1109 3576 habere
1132 3528 1160 3578 et
1177 3515 1256 3597 sequi
1266 3529 1314 3578 te-

238 3620 355 3668 neantur
370 3606 565 3669 inviolabiliter
580 3623 662 3688 prout
680 3610 708 3670 in
724 3611 784 3690 ipso
800 3610 983 3673 instrumento
995 3613 1153 3675 continetur
1167 3626 1187 3675 ¹.
1360 3687 1363 3694 ‚

283 3699 348 3784 39'9.
364 3709 443 3779 ltem,
455 3706 539 3785 qued.
552 3705 642 3767 littera
654 3720 760 3787 septem
771 3707 865 3788 sigillis
877 3708 905 3770 in
921 3707 1052 3788 pendenti
1065 3709 1193 3791 sigillata,
1209 3711 1312 3792 scripta

240 3797 684 3879 s'ub'annoDiriM0CC0Lll0V10,
701 3803 846 3866 continens
871 3805 1145 3885 pronunciacionem,
1162 3829 1274 3894 pacem⁴
1284 3823 1313 3871 et

239 3896 416 3957 concordiam
433 3897 533 3961 iactam
550 3920 598 3962 seu
614 3901 701 3962 factas
711 3900 782 3964 inter
797 3899 917 3965 illustres
948 3917 976 3965 et
989 3917 1117 3984 potentes
1130 3906 1205 3968 viros
1232 3905 1309 3968 dom.

240 3994 395 4074 Philippum
412 3995 461 4057 Dei
476 3997 563 4077 gratia
577 3999 664 4078 prime
681 3999 874 4079 Lugdunensis
888 4000 1005 4063 ecclesie
1020 4001 1166 4083 (electum)
1183 4016 1212 4065 et
1232 4003 1309 4064 dom.

280 4214 301 4251 1.
317 4197 355 4250 En
370 4214 403 4254 m.
419 4197 456 4253 De
470 4197 535 4253 iacto
549 4199 728 4275 archiepiscopi
743 4202 858 4273 Lugdun.
874 4203 994 4259 Videatur
1008 4221 1054 4277 pro
1067 4203 1134 4259 laeto
1147 4203 1257 4277 Septimi.
