2842 4900
719 447 899 516 ..ψ-

270 578 335 630 runt
357 563 516 647 homagium
539 575 568 626 et
587 561 747 628 fidelitatem
772 561 854 626 dictis
877 561 907 626 d.
941 569 1102 644 Dragoneto
1125 559 1234 639 eteius
1255 558 1336 639 nepoti

272 674 447 748 Diagoneto.

316 779 401 844 1440.
420 768 499 838 ltem,
515 759 602 842 quod.
621 759 698 842 publ.
720 760 934 824 instrumentum
955 758 1059 822 lactum
1072 770 1100 820 et
1114 755 1337 838 signatummanu
1404 831 1405 842 p

273 858 430 945 Raymundi
445 857 599 922 Bormondi
612 857 712 921 notarii
723 857 801 940 publ.
816 857 870 920 sub
885 875 960 919 anno
976 860 1140 934 M⁰CC⁰Ll·,
1153 862 1184 916 v·
1199 853 1260 917 idus
1274 851 1335 929 maii,

270 957 418 1022 continens
433 955 461 1018 in
479 955 579 1018 ellectu
600 955 676 1038 quod
696 956 773 1018 dom.
799 954 935 1017 Antlosius
948 952 1020 1017 filius
1043 954 1116 1016 dom¹
1138 952 1213 1034 regis
1226 951 1336 1026 Francis,

271 1073 367 1118 comes
380 1052 553 1117 pictavensis
567 1065 596 1116 et
606 1053 727 1116 Tholose
750 1073 783 1117 ac
796 1053 921 1136 marquio
946 1053 1106 1130 Provincie,
1135 1050 1339 1132 recognoscebat

271 1172 302 1216 se
326 1151 447 1214 donasse
459 1151 540 1220 dom⁰
561 1157 723 1233 Dragoneto
745 1151 859 1214 domino
878 1149 980 1214 Montis
992 1149 1091 1216 Albani
1107 1163 1136 1212 et
1149 1148 1206 1212 suis
1219 1148 1339 1230 imperpe

266 1263 349 1314 tuum
372 1247 466 1312 omnia
479 1248 540 1328 jura
554 1261 583 1313 et
598 1249 720 1317 rationes
742 1267 796 1331 que
813 1262 842 1312 et
855 1269 924 1330 quas
938 1246 1060 1311 babebat
1073 1247 1101 1310 in
1122 1260 1215 1310 castro
1228 1264 1274 1308 seu
1286 1244 1339 1306 villa

273 1349 367 1413 Sancti
393 1346 571 1411 Pantaleonis
597 1361 626 1410 et
648 1347 709 1428 ejus
724 1347 851 1411 districtu
873 1366 922 1410 seu
942 1346 1150 1424 mandamento,
1167 1343 1245 1406 salvo
1258 1341 1303 1405 sibi
1317 1355 1340 1403 et

269 1461 381 1524 retento
408 1445 506 1525 maiori
527 1443 661 1522 dominio,
677 1459 706 1508 et
719 1445 809 1509 dictus
831 1445 908 1508 dom.
936 1451 1113 1526 Dragonetns
1134 1442 1276 1505 confessus
1298 1438 1340 1502 luit

273 1565 304 1609 se
316 1543 458 1627 accepisse
473 1557 501 1606 et
514 1557 610 1607 tenere
622 1543 650 1606 in
664 1543 777 1607 feudum
787 1543 823 1606 ab
834 1543 933 1608 eodem
941 1543 1018 1623 dom.
1032 1540 1134 1606 comite
1144 1553 1263 1603 castrum
1273 1536 1339 1600 Podii

273 1643 419 1726 ,Guigonis
803 1654 807 1663 ’

319 1760 403 1822 ι44ι.
419 1749 499 1818 Item,
515 1740 602 1822 quod.
621 1740 699 1822 publ.
720 1739 934 1804 instrumentum
948 1759 998 1823 per
1018 1739 1132 1804 modum
1148 1737 1238 1802 littere
1251 1737 1341 1800 lactum

273 1853 302 1904 et
314 1839 452 1923 signatum
466 1859 549 1902 manu
568 1839 665 1902 Poncii
686 1838 764 1901 conii
776 1838 879 1902 ‘notarii
894 1838 972 1920 publ.
987 1850 1015 1900 et
1026 1837 1161 1901 bullatum
1175 1834 1248 1898 bulla
1261 1834 1341 1916 plum-

273 1936 327 2000 bea
352 1936 440 2000 divisa
457 1955 508 2018 per
524 1937 646 1999 medium
666 1935 740 1999 dom¹
756 1935 903 2000 Bertrandi
929 1934 1054 2016 episcopi
1083 1931 1274 2010 Tricatrensis,
1296 1929 1359 2026 subl

274 2051 348 2096 anno
378 2040 557 2110 M⁰CC⁰Lll⁰,
582 2043 656 2096 xnrt⁰
681 2033 795 2097 kalend.
822 2033 891 2114 julii,
915 2033 1061 2097 continens
1085 2032 1161 2114 quod
1178 2029 1342 2114 Raymundus

271 2132 311 2204 ¹de
326 2132 495 2196 Medullione
509 2131 693 2196 confitebatur
708 2132 783 2215 quod
799 2145 890 2196 castra
908 2130 1023 2195 inferius
1039 2130 1143 2212 scripta
1161 2130 1270 2193 fuemnt
1287 2127 1342 2188 data

275 2230 354 2293 dom⁰
369 2238 531 2314 Dragoneto
554 2230 668 2294 domino
690 2231 792 2294 Montis
817 2230 916 2294 Albani
944 2230 972 2292 in
996 2229 1090 2292 dotent
1115 2241 1143 2292 et
1156 2228 1266 2291 nomine
1281 2223 1341 2288 dotis

275 2331 398 2408 Almuse,
417 2331 497 2394 uxori
510 2331 576 2400 dicti
591 2331 669 2393 dom.
689 2329 841 2412 Dragoneti
862 2342 890 2392 et
914 2328 1003 2392 sorori
1020 2328 1106 2410 ipsius
1121 2326 1285 2411 Raymundi,
1301 2342 1341 2407 per

275 2427 353 2490 dom.
372 2428 566 2511 Raynrundum
582 2428 617 2491 de
642 2428 810 2492 Medullione
832 2427 962 2504 condam,
990 2439 1098 2510 patrem
1117 2426 1185 2489 dict.
1203 2421 1343 2509 Raymundi

277 2540 306 2591 et
319 2527 442 2605 Almuse,
457 2527 542 2590 videl.
559 2527 602 2608 jus
619 2527 695 2610 quod
716 2525 837 2590 habebat
850 2526 878 2590 in
892 2539 985 2589 castro
1001 2525 1037 2588 de
1052 2525 1119 2588 Pilis
1132 2538 1160 2588 et
1176 2525 1205 2587 in
1218 2537 1303 2588 castro
1315 2519 1343 2582 de

276 2633 374 2689 Monte
388 2625 470 2689 Olivo
483 2640 512 2690 et
524 2625 552 2688 in
562 2626 647 2702 valle,
659 2625 687 2688 in
700 2638 792 2688 castro
803 2624 839 2687 de
850 2623 1048 2700 Rochabruna,
1063 2623 1091 2684 in
1105 2636 1198 2686 castro
1211 2623 1245 2684 de
1255 2619 1345 2683 Analo-

276 2742 326 2798 no,
342 2722 371 2784 in
385 2735 477 2786 castro
493 2723 586 2788 Sancti
600 2723 751 2786 Marcellini
768 2735 797 2786 et
810 2721 893 2785 castri
912 2720 1007 2783 Roclre
1022 2720 1115 2783 Sancti
1132 2727 1219 2802 segre
1236 2732 1263 2782 et
1275 2714 1345 2780 castri

277 2822 313 2886 de
328 2821 440 2898 Blacos,
454 2833 482 2884 et
491 2841 543 2902 pro
553 2822 685 2904 predictis
699 2822 771 2885 dicta
780 2821 857 2884 dom.
873 2819 994 2884 Almusia
1009 2817 1194 2882 confitebatur
1203 2837 1233 2880 se
1248 2829 1344 2880 conten·

275 2933 333 2984 tarn
351 2939 413 2983 esse
423 2918 458 2982 de
477 2918 559 2984 bonis
574 2920 697 3003 paternis
711 2933 739 2983 et
751 2917 916 2982 irarechiam
930 2937 1008 2980 suant
1020 2915 1150 2979 habuisse
1166 2916 1201 2978 de
1217 2913 1294 2978 bonis
1306 2931 1346 2995 pa·

276 3016 363 3082 ternis
382 3029 411 3080 et
431 3016 574 3081 maternis.

269 3163 270 3168 η
322 3133 408 3196 1442.
422 3122 501 3191 Item,
518 3116 605 3198 quod.
620 3116 656 3178 al.
668 3114 745 3198 publ.
758 3114 971 3177 instrumentum
979 3114 1082 3176 lactum
1091 3127 1119 3176 et
1129 3113 1266 3196 signatum
1276 3127 1345 3172 manu

277 3213 414 3277 Guillelmi
427 3214 550 3276 arnaudi
563 3214 598 3276 de
622 3213 759 3276 Miribello
772 3213 872 3276 notarii
889 3212 967 3294 publ.
982 3226 1010 3275 et
1024 3211 1171 3293 sigillatum
1185 3211 1214 3272 in
1228 3205 1345 3291 pendenti

276 3310 367 3393 sigillo
379 3311 452 3373 dom'
466 3311 618 3394 Dragoneti
632 3311 736 3373 domini
749 3309 851 3374 Montis
859 3308 969 3388 Albani,
981 3309 1033 3373 sub
1043 3329 1117 3372 anno
1128 3311 1344 3378 locuuntur,

276 3409 340 3472 idus
351 3409 456 3492 aprilis,
469 3411 614 3474 continens
629 3410 704 3492 quod
721 3410 801 3472 dorna
821 3409 920 3471 sancia
934 3428 1005 3470 uxor
1025 3407 1143 3470 condam
1158 3406 1232 3468 dom¹
1247 3413 1347 3488 Repre-

273 3507 310 3572 rii
324 3507 360 3570 de
373 3507 483 3570 Coardo
494 3521 523 3570 et
536 3508 637 3571 nobilis
651 3506 814 3572 domicellus
829 3507 967 3569 Giraudus
984 3505 1113 3568 dominus
1124 3504 1159 3568 de
1174 3512 1283 3567 Gusans
1292 3519 1347 3565 con·

277 3603 531 3669 fitebanturcoram
545 3607 606 3688 ipso
623 3607 700 3669 dom.
725 3613 897 3687 Dragoneto,
927 3604 1001 3686 quod
1016 3604 1075 3685 ipsa
1088 3603 1166 3666 dom.
1182 3602 1278 3665 Sansia
1293 3617 1348 3662 ven

278 3703 387 3767 diderat
398 3703 473 3767 dicto
487 3703 611 3766 Giraudo
628 3703 779 3767 dominium
801 3715 829 3765 et
842 3701 1057 3783 juridictionem,
1079 3701 1218 3778 homines,
1245 3696 1354 3763 servicia.

278 3812 307 3862 et
320 3799 445 3864 redditus
467 3815 495 3864 et
512 3801 642 3886 quicquid
660 3801 719 3884 ipsa
735 3801 847 3865 domina
868 3800 991 3864 habebat
1012 3799 1041 3862 in
1057 3812 1149 3862 castro
1174 3813 1203 3862 et
1222 3794 1346 3862 territorio

278 3895 314 3957 de
327 3896 480 3960 Vinsobriis
490 3912 518 3962 et
528 3898 689 3962 nominatim
704 3898 872 3962 territorium
888 3913 915 3962 et
924 3911 1113 3962 tenementum
1129 3897 1223 3959 Sancti
1238 3888 1347 3959 Maurici

241 4057 244 4064 ,
279 4013 342 4056 cum
357 3993 414 4057 suis
429 3995 617 4077 pertinenciis,
640 3997 715 4079 quod
732 3997 902 4060 territorium
929 3996 1121 4059 confrontatur
1146 4013 1210 4056 curn
1242 3988 1347 4075 nipperia

280 4091 376 4154 Ecaris
394 4104 500 4156 etcum
516 4093 561 4156 via
574 4095 684 4176 publica
706 4114 761 4176 qua
775 4094 829 4157 itur
845 4095 881 4158 de
895 4093 1029 4158 Varriaco
1042 4111 1140 4157 versus
1156 4091 1311 4165 Vasionem,
1327 4097 1350 4148 et

278 4189 314 4254 ab
328 4188 382 4258 atta
405 4203 484 4272 parte
501 4208 564 4255 cum
590 4192 644 4255 alio
660 4191 799 4256 territorio
823 4192 859 4256 de
875 4190 1029 4256 Vinsobriis
1044 4204 1072 4254 et
1089 4189 1183 4253 Sancti
1199 4184 1315 4252 Mauncii
1326 4193 1349 4243 et
