2844 4900
539 449 697 512 ..8,-

7 591 8 596 ’
97 579 117 640 hi
129 581 254 644 Iohannis
274 583 409 662 Baptiste‚
436 581 583 653 continens
603 580 761 662 homagium
784 581 928 661 prestitum
955 581 1034 644 dom⁰
1058 595 1154 648 nostro

95 677 207 758 dalphino
221 679 339 742 Iohanni
352 693 382 742 et
394 679 613 760 recognitionem
627 678 678 741 sibi
690 679 802 756 iactam,
817 678 853 743 de
865 692 956 742 castro
974 695 1002 742 et
1015 679 1105 760 burgo
1119 678 1155 742 de

95 775 173 851 Stella,
191 775 228 838 de
241 777 332 840 Crista
355 790 383 840 et
399 776 524 858 ‘plurium
550 776 666 839 aliorum
691 793 798 852 retum,
825 794 876 857 per
896 782 1045 859 hymarum
1069 775 1154 838 lilium

94 874 190 954 tymari
205 873 241 936 de
253 875 390 938 Pictavia.

124 989 186 1050 407.
205 978 284 1047 Item,
304 972 389 1054 qued.
405 972 484 1034 litera
498 972 527 1033 in
543 970 676 1053 pendenti
694 969 811 1052 sigillata
830 983 948 1053 quatuor
968 971 1074 1053 sigillis,
1091 973 1155 1036 data

93 1067 136 1128 sub
147 1069 281 1132 annolini
294 1075 538 1143 II⁰CC⁰LIIIIIII⁰,
552 1067 597 1130 die
611 1066 720 1130 sabbati
729 1079 793 1128 ante
810 1066 909 1130 festum
921 1067 947 1130 b¹
957 1068 1063 1130 Thome
1075 1088 1156 1150 apos-

92 1164 141 1239 tol,
154 1165 298 1228 continens
312 1165 541 1246 compromissum
560 1164 663 1227 lactum
677 1163 749 1226 inter
764 1164 840 1227 dom.
857 1164 1017 1260 episcopum
1032 1166 1157 1228 Valenti-

93 1279 156 1336 num,
178 1260 292 1324 nomine
315 1261 389 1323 dom¹
415 1260 614 1342 archiepiscopi
632 1260 807 1338 Viennensis,
821 1280 857 1323 en
872 1281 927 1324 una
944 1275 1022 1342 parte
1037 1275 1065 1324 et
1076 1260 1153 1324 dom.
1192 1274 1196 1280 ’

95 1359 265 1422 humbertum
277 1359 405 1440 Dalphini
416 1379 451 1422 ex
464 1360 560 1422 altera.
1069 1381 1072 1388 ¹

124 1457 186 1533 408.
203 1464 284 1533 Item,
305 1456 389 1539 qued.
406 1456 485 1519 litere
499 1441 626 1518 confecti
644 1455 697 1518 sub
721 1474 794 1520 anno
811 1455 866 1519 Diri
883 1462 1154 1531 II⁰CCC⁰IIIIIIIII⁰,

92 1551 223 1634 inquibus
245 1553 402 1617 continetur
416 1553 490 1635 quod
511 1560 592 1633 Ilugo
619 1552 745 1627 Chalom,
768 1558 904 1634 hymams
923 1553 1047 1629 corneti,
1072 1552 1155 1615 Falco

92 1650 233 1728 hiemandi,
250 1652 413 1714 Guillelmus
427 1652 463 1713 de
478 1659 579 1733 nymo,
592 1641 775 1712 Iohannonus
787 1649 823 1711 de
837 1650 982 1724 Borsiaco,
998 1650 1156 1733 Symondus

92 1748 120 1810 de
134 1751 281 1827 IIercurol,
297 1750 436 1812 Iohannes
457 1747 582 1824 clavelli,
602 1754 742 1810 Dronetus
755 1747 791 1810 de
807 1748 951 1826 Borsiaco,
973 1755 1106 1810 Ilaronus
1118 1747 1154 1808 de

93 1843 195 1923 chamo,
213 1847 298 1910 Falco
309 1847 472 1928 Mangnoni,
487 1845 664 1910 Ancelmetus
677 1845 796 1908 Boudeti
819 1845 939 1908 conlessi
964 1845 1076 1908 luerunt
1095 1863 1156 1908 esse

93 1939 204 2004 homines
219 1942 402 2024 dalphinales.

123 2059 187 2118 409.
218 2048 298 2117 Item,
322 2042 409 2124 quod.
434 2043 646 2104 instmmentum
669 2039 771 2102 factum
799 2059 883 2101 manu
914 2038 1028 2101 Guarini
1055 2037 1156 2100 notarii

93 2137 158 2215 publ.
181 2139 234 2200 sub
257 2159 331 2201 anno
353 2146 461 2218 Incam.
499 2138 837 2212 onice-nt0ccotxxv„
852 2155 891 2198 vn
911 2136 1024 2198 kalend.
1050 2135 1154 2217 aprilio,

92 2235 224 2297 continens
233 2237 309 2317 quod
323 2250 471 2318 preceptor
486 2235 514 2298 in
530 2234 678 2298 Viennesio
703 2233 797 2296 militie
818 2232 926 2313 Templi
941 2231 1105 2314 recognovit
1126 2251 1157 2294 se

93 2342 175 2395 tenere
187 2354 204 2395 a
215 2334 296 2397 dom⁰
306 2334 437 2416 dalphIno
453 2347 574 2396 castrum
591 2331 626 2394 de
647 2331 794 2414 Planeysia
819 2349 882 2393 cum
897 2349 948 2392 suo
961 2330 1157 2394 mandamento

94 2441 118 2489 et
126 2431 260 2494 territorio
271 2445 301 2494 et
316 2431 408 2494 locum
418 2431 454 2493 de
470 2438 583 2513 Vourey
603 2443 623 2490 ¹.

125 2544 190 2604 410.
207 2534 287 2605 Item,
308 2527 394 2608 quod.
419 2527 497 2608 publ.
520 2528 734 2589 instmmentum
758 2525 916 2587 confectum
944 2543 1027 2586 manu
1056 2523 1156 2586 IIumb¹

96 2621 234 2688 Pilatinot.
255 2625 324 2706 pub.
349 2625 400 2688 sub
428 2645 502 2687 anno
529 2625 583 2686 Dni
615 2627 903 2698 II⁰CCC0XXII11110,
933 2620 1030 2684 indict.
1050 2636 1094 2699 111,
1112 2621 1156 2683 die

94 2723 282 2787 nitranensis
302 2723 430 2802 januarii,
449 2723 594 2784 continens
618 2719 836 2782 transactionem
861 2719 962 2782 iactam
988 2720 1060 2783 inter
1079 2719 1154 2781 dom.

96 2819 266 2883 humbertum
280 2820 441 2901 dalphinum
456 2839 491 2881 ex
506 2838 560 2880 una
573 2831 653 2899 parte
680 2830 709 2879 et
723 2816 800 2878 dom.
826 2816 979 2878 Berardum
1002 2816 1038 2878 de
1063 2813 1161 2876 Laniel

94 2913 124 2975 de
136 2923 301 2980 Ysaroneen
324 2905 483 2998 alia,'super
497 2915 621 2998 pluribus
636 2913 835 2996 quantitatibus
849 2915 1017 2975 llorenorum
1030 2923 1058 2972 et
1071 2926 1159 2989 pecu-

94 3010 132 3073 nie
144 3014 233 3094 petitis
250 3015 403 3095 peripsum
427 3015 503 3076 dom.
539 3011 692 3074 Berardum
713 3031 729 3073 a
744 3010 823 3072 domo
838 3010 981 3092 dalphino,
1013 3005 1159 3069 continens

94 3108 166 3171 etiam
177 3112 335 3192 homagium
361 3123 389 3173 et
414 3109 631 3192 recognitionem
644 3109 748 3171 lactum
762 3121 790 3170 et
801 3107 902 3170 iactam
918 3126 969 3188 per
979 3105 1069 3186 ipsum
1080 3102 1156 3164 dom.

95 3207 236 3268 Berardum
252 3208 332 3269 domo
346 3206 477 3288 dalphino
489 3206 626 3288 predicto.

126 3322 157 3382 4¹
168 3324 191 3366 1.
215 3313 295 3379 Item,
311 3305 398 3386 quod.
415 3305 626 3367 instrumentum
641 3303 848 3386 confectum<ot
860 3303 944 3384 405),
961 3301 1005 3363 die
1016 3315 1156 3363 humens.

92 3398 211 3480 januarii,
226 3402 373 3464 continens
387 3401 605 3482 recognitionem
622 3402 764 3464 Ponczoni
777 3401 813 3463 de
831 3399 972 3475 Montiliis,
987 3399 1035 3481 qui
1046 3399 1160 3461 confes-

92 3512 134 3557 sus
146 3497 195 3560 fuit
203 3512 300 3561 tenere
312 3499 342 3560 in
355 3498 469 3560 feudum
479 3518 495 3559 a
505 3498 584 3558 domo
604 3489 735 3578 dalphino
749 3515 846 3559 omnes
871 3508 960 3558 terras
986 3508 1014 3557 et
1036 3496 1160 3558 redditus

92 3611 141 3670 que
151 3594 209 3675 ipse
223 3595 307 3657 hahet
317 3595 346 3656 in
358 3594 556 3657 mandamento
567 3608 596 3656 et
607 3595 746 3656 territorio
756 3594 791 3655 de
806 3592 940 3655 Cabeolo.

127 3707 194 3768 412.
214 3699 293 3767 Item,
312 3691 397 3773 qued.
414 3690 492 3753 litere
506 3691 661 3753 auctentice
680 3691 798 3771 sigillante
813 3690 923 3752 duobus
935 3689 1030 3772 sigillis
1046 3690 1074 3752 in
1089 3709 1161 3771 pen-

93 3783 173 3864 denti,
198 3790 249 3852 sub
268 3808 343 3851 anno
373 3787 427 3849 Dr'ti
439 3794 620 3848 moccouxx
636 3793 741 3863 VIIII0,
758 3786 802 3850 die
816 3787 944 3850 mercurii
958 3802 1022 3851 ante
1040 3789 1160 3865 Pascha,

92 3885 258 3950 continentes
272 3899 355 3969 pacta
365 3897 394 3947 et
405 3885 611 3947 convenciones
626 3885 714 3949 factas
727 3885 800 3947 inter
813 3885 889 3948 dom.
911 3887 1094 3950 Ilumbertum
1107 3886 1162 3947 do-

93 3976 194 4042 minum
215 3982 250 4045 de
270 3989 359 4044 Turre
379 3993 408 4043 et
425 3981 503 4044 dom.
525 3981 664 4045 Silvonem
683 3981 719 4043 de
738 3981 864 4044 clariaco
887 4001 971 4064 super
991 3981 1171 4045 deffensione.

132 4199 154 4238 ι.
170 4183 206 4238 En
220 4204 251 4242 m.
267 4184 432 4259 Perquirarur
446 4203 493 4259 pro
507 4184 574 4241 lacto
589 4183 680 4242 domini
694 4183 795 4240 Tollini.

981 4258 999 4317 6
