2936 4898
578 481 733 540 ..,,..

121 575 234 672 sigillare
245 593 274 654 in
283 591 415 672 pendenti
439 591 549 654 duobus
563 590 669 672 sigillis,
689 592 861 656 continentes
881 596 956 676 quod
973 596 1051 657 donn
1065 597 1190 658 Beatrixs

121 687 172 750 lilia
186 688 306 750 condam
333 688 446 770 hymari
466 688 501 750 de
528 693 630 752 Sancto
650 695 744 751 luertz
757 689 884 752 vendidit
906 692 989 754 Alisie
1016 693 1105 755 sorori
1128 709 1188 769 sue,

120 785 209 846 omnia
224 785 300 848 bona
312 807 363 850 sua
375 799 402 850 et
411 785 585 850 confirmavit
597 786 791 849 vendicionem
808 805 858 868 per
867 787 955 868 ipsam
965 786 1075 849 alisiam
1088 788 1190 850 iactam

121 883 197 944 dom⁰
213 883 357 964 dalphino.

159 998 228 1060 ²49·
248 987 328 1057 Item,
343 979 429 1061 quod.
444 979 481 1042 al.
496 979 708 1042 instnrmentum
721 980 853 1060 scriptum
868 999 950 1042 manu
962 980 1097 1062 Nicholay
1113 979 1194 1041 Chal·

119 1073 250 1156 vayronis
271 1088 331 1138 not.
356 1075 438 1156 pub,
465 1075 517 1138 sub
536 1095 609 1139 anno
635 1076 691 1138 oni
717 1083 925 1154 M⁰CCC⁰llll0,
950 1091 999 1138 ιν·
1025 1077 1070 1139 die
1091 1078 1193 1140 mensis

119 1170 193 1246 maii,
208 1171 355 1234 continens
368 1171 485 1253 qualiter
498 1172 575 1234 dom.
591 1172 739 1254 Aynardus
749 1173 785 1235 de
800 1179 898 1235 Castro
909 1179 1002 1248 Novo,
1012 1174 1041 1235 in
1050 1173 1193 1256 presencia

119 1266 191 1327 dom
210 1267 357 1330 Humberti
371 1268 493 1349 delphini
507 1269 680 1345 Viennensis,
699 1269 778 1331 dedit
794 1269 943 1331 Francisco
956 1268 1012 1333 lilio
1029 1287 1079 1332 suo
1097 1289 1193 1332 eman-

119 1362 209 1442 cipato
226 1377 348 1426 castrum
363 1378 392 1428 et
404 1364 568 1430 fortalicium
582 1366 671 1430 castri
687 1367 838 1450 Noricum
854 1364 925 1428 villis
938 1367 1009 1443 aliis,
1035 1367 1071 1429 de
1095 1367 1194 1448 quibus

18 1469 20 1480 ’
119 1459 168 1522 nir
183 1480 235 1540 per
247 1461 351 1524 dictum
365 1461 442 1524 dom.
457 1461 615 1542 dalphinum
634 1462 724 1525 dictus
739 1461 902 1525 Franciscus
916 1462 1073 1526 investitus.

158 1574 227 1636 250.
246 1565 327 1633 Item,
345 1557 430 1640 quod.
455 1559 492 1620 al.
513 1559 723 1622 instrumentum
746 1558 878 1639 scriptum
900 1579 983 1622 manu
1006 1559 1138 1620 iohannis
1158 1558 1195 1620 de

123 1655 231 1730 Pinero,
249 1655 302 1716 sub
316 1671 390 1718 anno
406 1655 460 1716 Dt'ri
480 1661 737 1730 M⁰CCC⁰XXX1X,
759 1655 804 1716 die
819 1655 989 1720 strumensis
1005 1655 1082 1734 junii,
1109 1657 1196 1718 conti-

122 1770 189 1812 nens
206 1752 414 1814 extimationem
428 1751 530 1820 valoris
542 1751 697 1814 reddituum
713 1764 867 1816 castrorum
882 1752 1038 1827 bellivisus,
1056 1751 1146 1812 Pineti
1168 1765 1196 1813 et
1244 1759 1248 1766 '

123 1849 223 1911 Montis
251 1848 365 1925 Leonis,
388 1869 456 1930 quos
480 1847 608 1910 dominus
628 1847 666 1910 ibi
687 1848 859 1928 percipiebat
883 1862 911 1912 et
933 1849 1043 1912 fuerunt
1072 1847 1194 1909 extimati

121 1965 192 2008 anno
215 1945 351 2027 quolibet,
376 1946 503 2008 omnibus
526 1945 663 2008 extimatis
690 1945 801 2006 comuni
826 1945 1019 2020 extimatione,
1040 1947 1195 2006 llmvan

122 2042 202 2105 hbras
216 2057 246 2106 et
260 2063 280 2104 n
295 2041 409 2118 solidos,
426 2056 453 2104 et
467 2042 549 2110 etiam
563 2042 708 2104 continens
724 2055 856 2123 quantum
878 2041 1053 2122 accipiebant
1069 2039 1195 2102 homines

123 2140 156 2202 de
169 2140 325 2202 redditibus
342 2138 409 2204 dict.
428 2153 593 2202 castrorum.

160 2253 228 2314 251·
246 2243 327 2310 irem,
350 2234 436 2316 quod.
456 2235 667 2298 instrumentum
691 2234 733 2316 (ιι
758 2235 841 2315 235),
867 2232 1012 2298 continens
1036 2233 1195 2314 homagium

122 2330 219 2394 iactum
233 2332 315 2394 dom⁰
329 2330 460 2412 dalphino
473 2331 655 2413 pernobilem
672 2330 848 2394 Franciscum
864 2330 900 2392 de
915 2330 992 2392 Valle
1003 2343 1032 2394 et
1044 2330 1194 2394 terminum

124 2427 314 2507 assignationis
327 2429 363 2490 ad
376 2419 631 2508 recognoscendum
649 2426 697 2488 diu
711 2427 820 2506 estjam
835 2427 972 2506 elapsum.

163 2543 230 2601 ²52·
248 2533 329 2602 ltem,
346 2526 433 2608 quod.
449 2526 659 2591 instrumentum
673 2523 716 2605 (ιι
732 2524 804 2606 241)
829 2523 874 2589 die
895 2539 954 2589 uxr
971 2523 1073 2588 mensis
1094 2524 1197 2599 martii,

127 2623 265 2684 continens
279 2623 439 2703 homagium
453 2622 547 2704 ligium
561 2623 705 2702 prestitum
720 2640 770 2702 per
786 2621 862 2684 dom.
891 2628 1039 2702 hymarum
1055 2620 1196 2684 dominum

129 2720 295 2782 Rossillionis
308 2719 422 2782 domino
435 2733 532 2782 nostro
545 2720 621 2780 dom.
639 2717 794 2783 Humberto
808 2717 956 2784 Viennensi
974 2717 1116 2797 dalphino.

165 2834 230 2896 253.
250 2825 332 2895 ltern,
350 2818 434 2899 quod.
456 2818 667 2880 instrumentum
693 2816 736 2897 (ιι
760 2816 843 2896 235),
870 2815 1014 2878 continens
1039 2813 1197 2894 homagium

130 2914 266 2989 prestitum
292 2933 343 2994 per
363 2915 511 2976 Falconem
540 2912 676 2976 Guidonis
688 2911 724 2974 de
738 2910 864 2980 Gabeolo
882 2911 994 2974 domino
1008 2923 1105 2972 nostro
1119 2908 1196 2970 dom.

134 3011 280 3073 llumherto
296 3012 445 3074 Viennensi
457 3011 588 3092 dalphino
605 3023 632 3072 et
644 3009 755 3076 termin.
774 3009 933 3089 assignat...

170 3124 233 3186 254.
249 3115 329 3183 ltem,
347 3109 433 3190 quod.
449 3109 485 3169 al.
498 3108 710 3170 instrumentum
726 3105 769 3186 (ιιι
785 3122 818 3182 23
828 3105 867 3185 ι),
881 3104 1025 3166 continens
1040 3101 1198 3182 homagium

132 3204 267 3280 prestitum
281 3224 332 3284 per
361 3211 507 3284 Hugonem
533 3203 656 3266 Gauterii
687 3202 722 3262 de
751 3209 904 3283 Moyrento
918 3201 998 3262 domo
1022 3197 1154 3279 dalphino
1170 3209 1198 3259 et

131 3311 209 3360 term.
225 3300 327 3382 assign.
342 3299 379 3362 ad
395 3319 510 3381 recogn.
526 3299 596 3363 inira
611 3312 716 3360 certum
731 3309 841 3378 tempus
855 3298 909 3374 jam
925 3297 1060 3376 elapsum.

174 3414 236 3477 255·
255 3403 336 3474 ltem,
351 3398 437 3478 quod.
450 3398 487 3458 al.
501 3399 713 3460 instrumentum
723 3395 855 3474 scriptum
873 3413 955 3454 manu
969 3390 1075 3453 hiberti
1091 3390 1201 3452 Sachini

136 3492 171 3554 de
182 3499 264 3556 Turre
287 3494 387 3557 notarii
409 3493 499 3574 publ,
529 3493 581 3556 sub
604 3479 678 3556 anno
696 3492 749 3556 Diri
766 3496 981 3562 M⁰CCC0XXV,
995 3487 1075 3551 indit.
1093 3501 1144 3562 nn,
1156 3487 1201 3548 die

135 3603 194 3650 ιιιι
206 3592 303 3656 mensis
317 3590 475 3663 decenbris,
493 3591 638 3653 continens
659 3591 817 3670 homagium
838 3589 940 3650 iactum
961 3585 1058 3648 illustri
1085 3584 1202 3666 principi

137 3686 243 3750 domino
256 3703 352 3752 nostro
368 3689 447 3752 ιιοιιιο
465 3687 618 3750 humberto
630 3687 779 3750 Viennensi
802 3685 932 3765 dalphino
945 3702 996 3764 per
1009 3682 1084 3744 dom.
1103 3690 1203 3762 liugo-

136 3800 200 3843 nem
213 3783 245 3846 de
257 3793 344 3848 Turre
360 3785 464 3848 dictum
482 3785 598 3864 Turpio,
622 3783 763 3848 dominum
781 3783 816 3844 de
831 3782 950 3862 Vinnay,
967 3781 1014 3862 qui
1039 3780 1203 3862 recognovit

138 3897 172 3937 se
185 3898 239 3942 esse
252 3883 389 3944 hominem
403 3851 497 3962 ligium
508 3880 572 3944 dicti
583 3881 660 3944 dom
669 3879 791 3960 delphini
804 3891 833 3940 et
847 3879 991 3940 confessus
1003 3877 1054 3939 luit
1063 3897 1093 3939 se
1107 3890 1203 3938 tenere

138 3993 157 4033 a
173 3953 239 4036 dicto
253 3977 327 4039 donn.
347 3971 479 4056 dalphino
493 3989 521 4038 et
531 3977 587 4038 suis
599 3989 720 4038 castrum
732 3993 811 4036 suurn
827 3974 862 4036 de
875 3973 964 4055 Vinay
978 3993 1041 4035 cum
1054 3973 1112 4052 eius
1123 3991 1204 4033 man-

138 4069 262 4134 damento
275 4089 303 4135 et
317 4071 489 4154 pertinentiis
502 4072 636 4152 ejusdem,
653 4071 690 4135 de
703 4071 788 4134 leudo
800 4069 958 4134 reddibili
951 4071 1038 4150 ipsius
1049 4069 1126 4130 dom.
1142 4068 1205 4128 dal·

137 4164 254 4242 phini,
248 4182 309 4230 rtem
328 4168 463 4250 quidquid
483 4169 555 4232 idem
583 4169 660 4232 dom.
684 4175 767 4248 Hugo
783 4168 819 4230 de
834 4173 923 4230 Turre
940 4167 1035 4239 habet,
1054 4179 1131 4226 tenet
1159 4163 1203 4224 vel
