2844 4900
528 426 686 504 -89..

92 575 138 622 not.
151 559 229 639 pub,
245 558 298 621 sub
315 577 389 620 anno
407 557 531 644 Nativit,
546 557 670 637 ejusdem
684 561 971 631 lll⁰CCC⁰llltllllll0,
987 553 1083 617 indict.
1101 566 1145 629 11³,

90 659 126 720 die
134 677 182 718 xxv
195 655 298 718 mensis
312 655 453 732 febroarii,
481 655 627 718 continens
655 653 812 735 homagium
835 653 930 734 ligium
951 652 1083 713 iohannis
1110 650 1145 712 de

90 761 184 816 Boenco
197 765 225 815 et
238 752 458 834 assignationem
471 752 523 815 sibi
534 752 635 814 iactam
645 751 680 812 de
693 749 922 831 recognoscendo
944 746 1147 829 particulariter

88 865 111 914 et
121 851 237 912 distincte
250 849 321 912 inira
336 863 442 912 certum
455 862 567 931 tempus
587 849 641 929 jam
653 849 771 930 lapsum.

121 949 179 1026 448.
194 954 273 1019 item,
290 946 377 1028 quod.
406 945 525 1008 vidimus
540 945 643 1008 lactum
670 963 764 1007 coram
793 941 903 1006 officiali
928 940 1145 1022 Grationopolis,

88 1043 214 1106 continens
227 1043 303 1123 quod
314 1042 460 1105 Amandus
475 1041 583 1125 Geylini
596 1041 631 1104 de
650 1040 853 1104 Rocbacbinart
879 1038 1101 1120 recognoscebat
1117 1057 1148 1101 se

88 1151 168 1200 tenere
180 1138 207 1200 in
221 1137 336 1200 feudum
351 1159 367 1200 a
385 1138 463 1200 dom⁰
488 1139 615 1219 Guigone
627 1136 770 1218 dalphino,
787 1150 855 1200 tunc
871 1136 972 1200 comite
986 1135 1147 1211 Viennensi,

87 1235 198 1316 quicquid
213 1235 335 1298 habebat
349 1235 377 1297 in
386 1249 478 1298 castro
492 1249 521 1298 et
533 1234 729 1298 mandamento
743 1234 811 1296 Belli
823 1234 955 1314 Regardi,
970 1233 1146 1297 valentinen.

89 1332 198 1411 diocesis,
226 1333 303 1415 quod
313 1333 432 1396 vidimus
448 1333 579 1415 scriptum
599 1333 650 1396 fuit
673 1351 747 1395 anno
766 1332 819 1394 oni
843 1337 1020 1408 M⁰CCC⁰V1,
1049 1331 1150 1412 penul-

88 1429 142 1491 tima
154 1431 194 1492 die
204 1431 309 1494 mensis
323 1430 420 1511 aprilis
436 1443 465 1492 et
478 1444 520 1492 est
534 1430 667 1511 sigillatus
680 1429 770 1511 sigillo
787 1429 862 1492 curie
888 1427 1051 1490 ollicialatus
1076 1434 1150 1490 Gra-

89 1526 232 1608 tionopolis.
507 1591 516 1608 ⁴
915 1541 916 1545 ’

119 1641 179 1705 449.
192 1632 273 1699 item,
290 1625 375 1706 qued.
392 1625 470 1687 litera
477 1639 604 1688 emanata
618 1625 654 1688 ab
665 1624 768 1688 abbate
782 1638 811 1688 et
826 1637 965 1688 conventu
978 1621 1147 1698 Bonevallis,

89 1721 206 1785 subanno
226 1721 282 1784 Diri
298 1723 692 1801 M⁰CC⁰LXX1X⁰,continens
706 1723 782 1805 quod
802 1722 995 1786 concedebant
1012 1720 1148 1783 Drodono

88 1819 116 1880 de
130 1818 264 1881 bellovisu
286 1833 314 1881 et
330 1820 487 1884 bominibus
513 1822 569 1884 suis
593 1821 668 1904 quod
690 1836 804 1904 possent
835 1820 947 1884 cindere
979 1819 1007 1881 in
1037 1837 1150 1882 nemore

89 1915 116 1976 de
130 1922 200 1977 Bone
214 1915 301 1978 Vallis
315 1915 388 1998 ligna
398 1931 426 1979 et
435 1918 502 1980 alias
518 1918 635 1982 maerias
650 1918 685 1980 ad
696 1937 767 1999 opus
785 1917 837 1994 sui,
857 1935 919 1980 cum
935 1915 1060 1997 pluribus
1085 1933 1151 1977 con·

86 2010 223 2074 dicionibus
235 2012 264 2074 in
273 2013 341 2094 ipsis
352 2014 500 2076 contentis.
569 2073 573 2082 .

119 2129 180 2192 450.
199 2120 281 2188 item,
292 2112 378 2193 qued.
390 2113 469 2174 litere
479 2112 596 2194 sigillate
612 2113 640 2174 in
654 2111 786 2193 pendenti
800 2111 890 2192 sigillo
900 2109 1032 2191 quodam,
1049 2107 1152 2189 scripte

88 2207 129 2269 sub
144 2228 213 2270 anno
229 2209 285 2270 Diri
297 2216 473 2286 M⁰CC⁰LX⁰,
488 2210 516 2271 in
530 2209 637 2272 octabis
647 2209 777 2270 Omnium
786 2214 962 2283 Sanctorum,
977 2205 1153 2276 continentes

88 2304 150 2384 quod
163 2306 313 2368 lncelmus
332 2320 360 2368 et
383 2306 552 2369 Humbertus
577 2306 612 2368 de
639 2304 822 2387 Bellaguarda
848 2303 975 2366 iecerunt
994 2301 1167 2388 homagium,

88 2400 152 2462 dom⁰
169 2402 290 2483 Guigoni
300 2401 431 2484 dalphino
448 2403 598 2465 Viennensi
612 2415 640 2465 et
655 2394 882 2483 recognoverunt
894 2398 930 2462 ab
942 2400 1042 2462 eodem
1060 2398 1153 2462 omnia

89 2515 133 2578 que
144 2498 283 2562 habebant
297 2499 371 2579 apud
390 2499 495 2562 Bellam
510 2500 651 2562 Guardam
668 2513 697 2562 et
710 2499 769 2578 ejus
782 2497 1021 2574 mandamentum,
1034 2509 1063 2560 et
1078 2494 1154 2576 quod

86 2593 129 2672 ipsi
142 2595 333 2676 quietaverunt
350 2596 424 2659 dicto
440 2597 517 2659 dom.
544 2596 676 2678 dalphino
692 2595 827 2678 quosdam
851 2595 977 2658 homines
1001 2593 1036 2656 de
1060 2592 1154 2656 Bella·

88 2693 178 2771 guarda
189 2705 219 2754 et
234 2693 314 2773 plura
335 2693 387 2754 alia
402 2693 431 2755 in
447 2693 551 2756 eisdem
569 2706 711 2757 contenta.

120 2807 182 2869 451.
207 2797 287 2867 item,
306 2789 391 2871 qued.
407 2791 485 2852 litera
500 2791 529 2852 in
543 2791 673 2872 pendenti
700 2809 756 2852 uno
770 2789 859 2871 sigillo
884 2788 1012 2870 sigillata,
1027 2798 1154 2850 emanata

89 2883 117 2946 ab
130 2886 264 2949 audientia
278 2886 378 2968 prioris
393 2889 495 2963 lnsule,
511 2888 562 2952 sub
579 2907 653 2950 anno
671 2887 724 2949 Diri
740 2893 985 2959 M⁰CC⁰LXX1X0‚
1011 2884 1152 2948 dominica

90 2996 144 3060 post
152 2983 252 3046 festum
263 2985 393 3047 Omniuin
408 2992 584 3062 Sanctorum,
607 2985 752 3048 continens
780 2981 855 3064 quod
871 2983 1004 3046 Gir'ardus
1023 2983 1058 3044 de
1075 2981 1154 3043 lllino

91 3077 144 3141 lecit
155 3080 312 3163 homagium
327 3082 407 3145 dom⁰
422 3084 540 3146 iohanni
560 3083 692 3164 dalphino
708 3077 857 3146 Viennensi
890 3100 942 3160 pro
973 3078 1057 3141 leudo
1078 3077 1154 3157 quod

90 3187 154 3238 tenet
167 3178 201 3239 ab
214 3197 247 3239 eo
268 3179 339 3240 inira
360 3180 450 3242 menia
468 3181 503 3242 de
522 3180 611 3256 illino,
635 3180 712 3242 salvo
735 3178 866 3259 homagio
887 3176 991 3239 domini
1019 3174 1153 3253 Bellijoci,

92 3274 222 3337 continens
249 3276 332 3338 etiam
361 3277 519 3358 homagium
546 3278 679 3340 lobannis
715 3276 751 3339 de
778 3275 889 3336 Sariolo
927 3293 978 3354 pro
1005 3259 1154 3334 medietate

91 3372 184 3434 macelli
199 3373 304 3436 vienne
319 3375 391 3436 etde
408 3374 556 3438 medietate
570 3375 606 3437 de
623 3382 706 3438 Petra
733 3373 800 3435 Fixa
827 3369 856 3435 et
883 3370 919 3432 de
941 3369 1089 3432 medietate
1117 3367 1153 3432 de
1173 3433 1176 3440 ,

92 3467 252 3534 Charanella.

123 3584 188 3646 452.
207 3575 286 3646 Item,
305 3569 390 3652 qued.
407 3569 486 3631 litere
496 3581 623 3631 emanate
642 3567 678 3630 ab
703 3565 812 3629 officiali
828 3565 945 3640 vienne,
967 3561 1084 3643 sigillate
1098 3581 1154 3625 uno

91 3660 169 3742 sigillo
183 3664 365 3746 impendenti,
386 3666 559 3729 continentes
572 3665 691 3727 vidimus
705 3678 825 3745 quatuor
838 3661 1045 3745 privilegiorum
1059 3660 1151 3741 impe-

91 3758 199 3838 rialium,
235 3785 318 3826 unum
352 3777 510 3826 emanatum
537 3784 553 3825 a
583 3762 662 3824 dom⁰
696 3760 826 3823 Conrado
855 3768 1041 3822 Romanorum
1074 3777 1153 3841 rege,

90 3859 233 3921 secundum
272 3884 289 3924 a
318 3861 466 3924 Frederico
491 3868 678 3923 Romanorum
714 3879 791 3941 rege,
832 3858 948 3921 tercium
974 3877 990 3918 a
1022 3857 1151 3933 Fredico,

92 3970 197 4033 quartus
209 3977 227 4018 a
240 3958 386 4020 Frederico
406 3959 488 4020 etiam
518 3959 631 4040 regibus
647 3965 845 4034 Romanorum,
861 3956 1033 4038 tangentium
1049 3957 1152 4020 iactum

92 4065 115 4114 et
126 4053 323 4134 expeditionem
339 4056 374 4118 de
387 4056 498 4138 Pipeto,
514 4055 561 4138 qui
575 4055 695 4118 vidimus
710 4066 855 4116 emanatus
880 4067 908 4117 et
924 4053 1004 4116 datus
1028 4053 1079 4115 luit
1101 4052 1152 4115 sub

92 4167 158 4212 anno
172 4155 275 4214 M⁰CC⁰
289 4167 402 4235 octuag⁰
414 4161 450 4215 1⁰.
