2842 4900
526 491 564 504 ..
589 413 706 537 251¹-

86 595 166 666 xiiii,
182 597 203 651 r·
214 589 327 652 kalend.
345 589 421 667 maii,
438 589 614 652 continentes
627 587 713 671 quad.
731 573 962 671 compositionem
969 572 1070 653 iactum
1083 588 1155 652 inter

88 693 262 768 Dragonetum
277 685 313 748 de
324 691 421 749 Monte
434 685 542 749 Albano
558 684 672 750 nomine
687 705 740 749 suo
754 699 783 749 et
793 687 950 772 Raymundi
964 687 1023 767 eius
1038 685 1097 761 filii,
1120 685 1155 750 e'x

6 781 7 834 ἶ
85 803 131 846 una
145 795 231 864 parte,
248 795 277 846 et
290 773 484 866 Raymundum
499 782 535 846 dc
546 781 716 846 Meduliione
732 783 844 846 nomine
866 803 917 847 suo
932 795 960 847 et
976 783 1054 846 dom⁸
1069 789 1157 846 saure

84 880 134 960 eius
145 879 248 958 unoms,
261 897 298 943 ex
317 879 415 956 altera,
431 880 459 942 in
469 901 525 962 qua
540 880 654 963 petebat
664 879 755 944 dictus
771 887 842 964 Ray.
862 881 899 944 de
920 880 1026 944 Medul.
1044 879 1157 943 nomine

82 980 147 1042 dicte
160 977 236 1040 dom.
254 983 342 1042 saure
357 977 468 1041 adistis
484 986 569 1060 Drag.
592 991 621 1043 et
637 985 709 1062 Ray.
728 977 787 1059 ejus
799 977 856 1042 filio
871 979 1047 1044 medietatem
1064 980 1158 1043 domi·

83 1077 195 1140 nacionis
215 1090 245 1139 et
266 1076 380 1140 honoris
401 1095 484 1158 quem
507 1075 649 1158 predictus
674 1084 761 1158 Drag.
786 1090 814 1140 et
834 1077 894 1157 ejus
919 1077 991 1141 filius
1017 1077 1159 1142 habebant

82 1173 105 1234 in
116 1187 203 1236 castro
218 1173 254 1236 de
264 1173 391 1250 Valreas,
404 1174 464 1254 ejus
477 1174 617 1239 territorio
633 1188 662 1237 et
674 1187 835 1237 tenemento
851 1194 901 1238 seu
908 1175 954 1237 aiii
963 1174 1097 1239 tenebant
1103 1195 1158 1239 no-

83 1269 147 1332 mine
163 1270 261 1352 ipsius,
273 1270 491 1335 etmedietatem
511 1271 615 1335 Montis
635 1269 771 1347 Brisonis,
795 1259 973 1336 medietatem
989 1271 1110 1335 Griionis
1130 1287 1160 1337 et

7 1415 8 1442 ,
83 1377 161 1428 tutum
174 1381 296 1430 castrum
310 1367 346 1430 de
360 1369 482 1431 Rosseui
491 1381 519 1432 et
536 1379 663 1450 quartam
677 1381 785 1450 partem
800 1376 960 1453 Qtayrane,
978 1382 1008 1433 ct
1029 1369 1159 1434 dominass

7 1469 8 1488 ¹
83 1463 181 1526 dunen
203 1463 327 1527 Villenni
347 1466 383 1528 de
406 1465 523 1529 Mirabei
539 1479 568 1530 et
580 1466 651 1529 duas
670 1465 863 1543 condaminas,
882 1485 998 1548 quarum
1015 1487 1071 1531 una
1084 1482 1160 1532 esta

85 1568 149 1624 Rure
169 1561 220 1624 Bel
235 1575 264 1624 et
283 1562 337 1624 alia
359 1562 395 1625 ad
411 1564 550 1641 Mezalon‚
575 1577 604 1627 et
624 1563 773 1626 Girardum
794 1564 915 1626 Fabrunt
937 1583 1001 1628 cum
1015 1585 1066 1628 suo
1082 1579 1160 1630 tene-

7 1673 9 1744 ,
84 1672 184 1722 mento:
210 1679 266 1741 que
286 1659 411 1740 predicta
434 1658 578 1724 asserebat
607 1681 669 1724 esse
699 1661 841 1737 Meteline,
870 1662 966 1726 matris
989 1662 1062 1726 dicte
1080 1663 1157 1727 dom.

8 1747 9 1760 ¹
83 1763 181 1836 saure3
207 1757 275 1820 item
289 1757 402 1839 petebat
422 1773 543 1822 castrum
560 1759 664 1842 opigii,
691 1751 766 1842 quod
788 1759 882 1822 iuerat
899 1757 1012 1841 Rogerii
1027 1758 1064 1821 de
1078 1759 1161 1843 clay·

8 1927 9 1932 ¹
82 1855 161 1934 aiaco,
172 1856 218 1918 avi
232 1855 358 1936 predicte
370 1863 475 1936 Saure;
489 1871 517 1920 et
527 1871 641 1920 econtra
655 1857 747 1920 dictus
762 1864 848 1939 Drag.
862 1857 975 1919 nomine
989 1875 1039 1918 suo
1050 1867 1078 1918 et
1092 1855 1159 1922 dicti

8 1951 9 2034 ξ
83 1959 148 2037 Ray.
163 1954 224 2034 ejus
239 1953 287 2016 filii
302 1953 424 2036 negabat
431 1951 587 2037 predictum
606 1962 678 2039 Ray.
693 1955 798 2018 etdict.
818 1955 846 2017 d.
864 1961 980 2017 Sauram
990 1953 1018 2015 in
1028 1952 1161 2035 predictis

8 2045 9 2122 i
82 2053 178 2115 nulium
192 2054 235 2133 jus
246 2053 371 2132 habere;
388 2068 417 2116 et
430 2054 481 2117 init
508 2055 583 2117 dicta
610 2053 800 2117 controversia
814 2053 909 2116 sedata
922 2071 974 2135 pcr
987 2051 1063 2114 dom.
1081 2050 1162 2114 Guil-

8 2192 9 2200 κ
83 2149 188 2212 isimum
203 2151 239 2212 de
252 2151 368 2228 Baucio,
384 2152 445 2214 scil.
462 2153 538 2234 quod
559 2153 650 2216 dictus
662 2159 748 2234 Drag.
765 2165 793 2214 et
804 2159 876 2235 Ray.
893 2151 953 2230 ejus
966 2149 1038 2212 filius
1051 2148 1119 2212 dent
1133 2161 1162 2212 et

7 2263 8 2274 ¹
89 2245 180 2312 cedant
196 2248 273 2312 dicto
290 2256 361 2332 Ray.
374 2251 410 2313 de
423 2250 529 2313 niedul.
543 2251 675 2333 quicquid
692 2249 832 2313 habebant
847 2269 897 2332 per
911 2268 942 2312 se
955 2249 1000 2311 vel
1018 2268 1069 2330 per
1078 2249 1161 2312 alium

87 2345 111 2407 in
123 2360 212 2410 castro
226 2345 263 2408 de
279 2353 382 2410 sancto
397 2348 571 2428 Marcellino,
587 2349 646 2429 ejus
659 2347 799 2412 territorio
813 2361 841 2411 ct
855 2359 1028 2410 tenemento.

7 2433 8 2482 ἶ
124 2445 204 2522 ¹438·
220 2449 303 2522 item,
320 2444 404 2526 qued.
423 2445 562 2527 scriptura
585 2465 637 2528 per
650 2445 764 2508 modum
779 2445 871 2508 littere
888 2446 973 2522 iacta,
991 2443 1099 2527 signata
1111 2463 1162 2526 per

86 2539 243 2620 apbabetum
273 2543 471 2606 manuPoncii
488 2544 632 2626 Stephani,
649 2544 701 2607 sub
722 2563 797 2606 anno
820 2541 908 2606 Dinice
925 2550 1034 2605 incarn.
1061 2547 1162 2606 Μῢῦῦ0

9 2673 10 2724 3
90 2643 184 2716 xxllo,
199 2657 297 2702 mense
308 2638 376 2719 julii,
389 2640 535 2704 continens
550 2641 626 2723 quod
636 2640 765 2703 dominus
779 2640 815 2701 de
824 2638 993 2701 Medullione
1002 2638 1061 2716 dat,
1077 2640 1165 2703 donat

9 2751 10 2780 ³
85 2731 226 2798 iuacatum
243 2749 409 2818 perpetuum
435 2738 634 2819 Petro·Ruphi
651 2751 680 2800 et
696 2736 976 2818 ciussuccesson'bus
996 2736 1024 2798 iia
1048 2736 1162 2799 feudum

10 2907 11 2919 ἢ
88 2831 299 2898 bancumtotum
310 2833 376 2897 illud
392 2835 486 2898 affaire
502 2835 577 2917 quod
588 2833 710 2899 habebat
718 2833 769 2898 ael
781 2833 885 2898 habere
899 2833 1021 2896 debebat
1028 2833 1058 2895 in
1069 2847 1163 2897 castro

9 2933 11 3006 j
87 2928 118 2992 de
133 2932 278 3008 Montolio,
306 2931 395 2994 videi.
423 2947 550 3014 quartam
573 2946 681 3014 partem
697 2932 734 2994 de
752 2932 856 2996 vilario
871 2931 970 3011 eteius
982 2932 1163 2995 territorioct

88 3038 165 3090 totum
176 3028 245 3092 illud
259 3029 354 3092 affaire
367 3030 442 3111 quod
456 3030 579 3094 habebat
596 3038 679 3112 Hugo
696 3029 815 3113 Nicoiay
828 3029 948 3093 condam
967 3029 995 3090 in
1017 3040 1110 3092 castro
1127 3028 1163 3091 de

85 3124 145 3188 'Piis
158 3125 231 3189 intus
246 3127 378 3202 et'ertra,
390 3126 421 3188 in
435 3127 517 3190 terris
531 3127 612 3190 mritis
635 3140 664 3190 et
690 3145 748 3188 non
763 3126 855 3202 cultis,
873 3125 986 3188 taschiis
1000 3138 1028 3187 et
1040 3125 1099 3188 aliis
1112 3125 1163 3188 do-

88 3221 286 3302 minationibus,
315 3241 368 3305 pro
382 3225 483 3305 quibus
496 3225 565 3288 dict.
590 3231 691 3288 Petrru
705 3224 796 3306 Ruphi
818 3224 910 3288 eidem
924 3221 1037 3286 domino
1055 3220 1163 3284 Medul-

87 3318 158 3385 lionis
168 3323 235 3385 iecit
251 3321 421 3403 homagium.
1086 3329 1089 3335 '

125 3418 497 3502 1439.1tem,quod.publ·.
521 3421 734 3484 instrumentum
757 3438 808 3501 per
825 3417 938 3480 modum
955 3416 1045 3480 littere
1057 3417 1161 3480 iactum

89 3534 159 3579 manu
175 3517 252 3580 Petri
271 3518 406 3581 Bernardi
435 3519 547 3597 notarii,
573 3519 626 3583 sub
653 3538 728 3582 anno
745 3521 988 3591 nt⁰cc⁰xxvl11⁰,
1014 3533 1050 3576 110
1072 3533 1161 3578 nonas

88 3612 218 3693 februarii,
230 3616 310 3679 dom⁰
324 3616 468 3679 Fredclico
483 3625 669 3680 Remanorum
684 3618 852 3699 imperatore
863 3626 1008 3695 regnante,
1023 3613 1161 3695 signatum

89 3732 131 3792 per
144 3713 309 3796 aphabetum
325 3727 354 3778 et
366 3715 499 3779 bullatum
511 3716 586 3780 bulla
609 3715 741 3799 plumbea
754 3715 829 3777 dom¹
846 3712 999 3794 Dragoneti
1012 3712 1048 3774 de
1063 3719 1160 3775 Monte

89 3809 195 3889 Albano,
211 3812 358 3875 continens
370 3813 446 3894 quod
459 3814 550 3876 dictus
566 3815 642 3878 dom.
665 3821 841 3895 Dragonetus
865 3809 959 3874 senior
981 3809 1059 3872 dedit
1073 3809 1162 3872 Latilo

90 3905 119 3968 de
132 3909 309 3973 Mirmurione
327 3924 356 3973 et
371 3909 434 3994 tiliis
458 3910 517 3991 ejus
531 3913 659 3974 stardo
682 3925 710 3974 et
726 3909 815 3973 Latilo
831 3921 938 3972 sextam
954 3919 1062 3990 partem
1077 3927 1160 3988 quam
1209 3897 1211 3912 '

91 4003 200 4070 habebat
213 4008 242 4070 in
258 4021 350 4070 castro
367 4008 402 4070 de
417 4015 562 4092 Cayrana;
577 4028 660 4091 quam
681 4007 861 4072 donationem
885 4013 1062 4088 Dragonetus
1090 4003 1163 4069 filius

94 4107 236 4188 Raymundi
251 4107 288 4169 de
307 4113 404 4170 Monte
420 4108 539 4182 Albano,
560 4127 648 4190 nepos
673 4107 739 4170 dicti
766 4105 841 4168 dom.
861 4102 1024 4184 Dragoneti,
1039 4101 1163 4166 laudavit

93 4201 304 4282 etcomimavit,
323 4217 351 4267 et
365 4203 432 4268 dict.
450 4203 544 4268 Latilis
574 4217 603 4268 et
627 4204 687 4286 ejus
700 4203 748 4266 salii
762 4201 900 4285 prodicta
917 4198 1074 4267 donacione
1088 4200 1162 4270 fecc-
