2842 4900
539 460 717 522 ..24,..

100 572 184 652 recepi
193 574 314 656 ptoipso
329 574 406 637 dom.
424 581 462 637 H.
480 573 621 657 Delphini,
635 575 737 636 Montis
750 573 848 636 Albani
861 587 890 637 et
902 573 1078 636 Medullionis
1087 573 1169 636 baro-

100 666 196 730 niarum
210 670 334 748 domino,
351 671 534 734 instrumenta
550 671 747 752 infrascripto:
765 705 802 718 ·-
823 688 907 750 ¹403·
933 678 967 733 Et
991 671 1092 752 primo,
1109 670 1170 733 ins·

100 776 255 829 momentum
268 787 353 850 super
367 767 558 850 recognitione
570 768 643 831 facta
665 767 718 850 ipsi
733 767 810 830 doro.
829 767 978 850 H(enrico)
999 781 1030 831 ut
1055 769 1169 832 domino
1227 765 1232 770 “

51 879 53 890 ·
100 862 265 927 Hedullionis
278 885 330 947 per
344 865 466 928 nobilem
478 865 569 928 virum
584 864 767 949 Haybaudum
780 864 816 927 de
830 864 956 941 chalma,
970 865 1006 927 de
1022 866 1119 930 castris
1133 866 1169 930 de

100 967 194 1038 isone,
223 962 260 1024 de
285 963 381 1041 Stella,
396 964 432 1028 de
455 963 613 1041 Arzeleriis,
642 963 678 1026 de
703 962 825 1026 Celeone
839 975 868 1024 et
883 963 920 1025 de
939 969 1067 1040 Pometo,
1090 964 1169 1028 etde

98 1057 215 1122 dominiis
228 1074 384 1124 castrorum
396 1062 433 1124 de
446 1061 603 1137 Leborello,
628 1060 663 1126 de
691 1059 861 1138 Villabosco,
886 1059 921 1122 de
948 1061 1168 1144 Monteayglino,

97 1153 128 1218 de
139 1157 332 1238 lygueaniset
345 1158 382 1220 de
395 1164 494 1222 Castro
511 1164 593 1221 Novo
605 1157 641 1220 de
658 1163 760 1238 Capra,
775 1169 803 1220 et
819 1155 948 1238 homagio
971 1157 1036 1220 inde
1057 1170 1168 1240 sequto.

98 1287 127 1300 -
142 1272 225 1334 ¹404·
242 1263 323 1331 Item,
340 1275 425 1338 super
437 1255 628 1337 recognitione
645 1255 719 1318 lacta
731 1273 782 1336 per
793 1253 869 1316 dom.
880 1254 1036 1336 Philippam
1045 1254 1169 1318 relictam

97 1349 163 1412 donr¹
176 1352 334 1435 Raymundi
348 1353 471 1436 Aynardi
487 1353 580 1417 militis
591 1373 625 1416 ac
636 1352 712 1416 dom.
730 1351 905 1416 Lantelmtrrn
919 1352 1042 1434 Aynardi
1056 1351 1091 1414 de
1106 1371 1171 1414 cas-

94 1461 132 1510 tro
155 1450 450 1532 cursorii-1405.
471 1458 551 1526 Item,
576 1447 661 1531 super
688 1448 881 1530 recognitione
911 1447 984 1512 iacta
1015 1448 1066 1530 ipsi
1089 1449 1167 1511 dom.

98 1545 240 1629 H(emico)
254 1567 305 1629 per
320 1548 490 1611 Gaulredum
509 1547 652 1610 dominum
666 1545 826 1627 Besignani,
845 1545 881 1606 de
897 1544 995 1608 castris
1019 1544 1055 1608 de
1071 1544 1171 1627 Besig-

8 1657 9 1680 ³
97 1661 161 1706 rano
175 1644 247 1708 etde
265 1651 369 1708 Sancto
385 1646 540 1720 salvatore,
556 1658 584 1708 et
595 1645 631 1707 de
645 1644 719 1707 iacto
733 1644 769 1707 de
779 1643 863 1706 Vilari
879 1657 908 1706 et
921 1645 956 1706 de
971 1643 1100 1706 omnibus
1116 1661 1170 1724 que

8 1763 10 1814 ᾗ
97 1741 209 1808 habebat
221 1743 397 1808 in-castroet
418 1744 561 1808 territorio
573 1743 608 1806 de
623 1750 741 1806 totana.
757 1777 797 1790 -
817 1742 900 1822 1406.
922 1749 1002 1818 Item,
1018 1759 1103 1822 super
1123 1759 1172 1802 re-

8 1897 10 1932 .
96 1841 249 1922 cognitione
268 1841 342 1904 lacta
364 1841 416 1924 ipsi
446 1841 523 1905 dom.
545 1849 581 1904 H.
604 1861 654 1922 per
674 1842 750 1903 dom.
786 1847 932 1920 Hugonem
952 1838 988 1900 de
1014 1837 1115 1912 Podio,
1135 1835 1171 1898 de

8 1939 9 2006 l
94 1952 177 2002 castro
201 1939 346 2002 Relhanie.
368 1973 410 1986 ·-
432 1959 517 2018 ¹407·
533 1947 613 2016 ltem,
632 1957 715 2019 super
729 1937 920 2018 recognitione
934 1936 1007 2000 lacta
1023 1934 1075 2016 ipsi
1090 1933 1167 1996 dom.

8 2065 9 2072 .
98 2041 129 2096 H.
141 2056 189 2116 per
201 2036 356 2098 Giraudum
370 2051 399 2099 et
410 2037 586 2100 Guillelmum
597 2034 817 2118 Ventayrolii·de
831 2034 981 2116 Propiaco,
996 2033 1031 2096 de
1041 2032 1170 2096 omnibus

96 2152 144 2214 que
156 2133 260 2196 habent
269 2133 298 2197 in
311 2133 410 2196 castris
424 2149 453 2198 et
464 2133 610 2196 territoriis
625 2133 661 2196 de
678 2132 844 2196 Merindolio
854 2145 883 2195 et
898 2131 933 2194 de
948 2130 1097 2212 Propiaco,
1117 2149 1170 2212 que

8 2273 9 2320 3
95 2230 221 2294 tenebant
230 2229 283 2313 pro
298 2231 411 2296 domino
426 2232 612 2296 Medullionis.
626 2263 667 2278 -
685 2231 768 2309 1408.
784 2237 864 2307 ltem,
882 2249 966 2310 super
980 2228 1171 2310 recognitione

8 2321 9 2344 ¹
95 2328 161 2394 lacta
167 2331 220 2413 ipsi
230 2332 307 2394 dom.
322 2339 359 2395 H.
371 2352 421 2414 per
427 2332 503 2396 dom.
514 2331 635 2395 Giletum
645 2329 789 2392 Alamandi
795 2330 831 2392 de
839 2329 891 2392 hiis
902 2349 977 2392 omn.
986 2348 1040 2410 que
1050 2328 1172 2391 habebat

95 2427 119 2492 in
134 2429 230 2494 castris
243 2444 272 2492 et
288 2429 432 2494 territoriis
451 2437 552 2516 Sancte
567 2429 646 2492 Galle
660 2442 688 2491 et
704 2427 910 2509 Ruppisbrune,
932 2441 961 2490 et
974 2426 1115 2508 homagio.
1131 2459 1171 2472 -
1198 2469 1226 2508 4

100 2544 180 2608 ¹409·
198 2534 278 2605 ltem,
297 2547 381 2608 super
392 2527 583 2610 recognitione
596 2524 649 2606 ipsi
665 2525 741 2587 dom.
756 2532 792 2586 H.
808 2525 881 2590 lacta
895 2543 945 2606 per
963 2523 1098 2588 Pontium
1112 2529 1172 2586 Ma-

8 2625 9 2642 *
94 2622 202 2700 livicini,
217 2624 359 2686 dominum
374 2632 481 2699 Penne,
497 2624 533 2687 de
547 2613 640 2686 sistro
651 2623 687 2685 de
703 2629 799 2685 Penne
817 2635 847 2686 et
862 2622 993 2704 homagio
1006 2635 1116 2702 sequto.
1131 2655 1171 2668 —

100 2738 180 2800 1410.
197 2729 278 2800 Item,
293 2741 378 2804 super
390 2721 581 2804 recognitione
594 2721 646 2803 ipsi
661 2721 738 2784 dorn.
757 2728 794 2784 H.
809 2733 840 2783 ut
863 2721 976 2784 domino
996 2719 1171 2782 Medullionis

8 2847 9 2902 l
95 2819 162 2884 lacta
176 2841 227 2902 per
243 2827 385 2884 Bertetum
406 2821 530 2897 oliverii,
547 2820 690 2883 dominum
709 2819 873 2896 Govemeti,
898 2819 934 2881 de
954 2817 1090 2882 fortalicio
1108 2837 1170 2880 cum

8 2907 9 2948 l
96 2931 189 2998 quarta
203 2931 283 3000 parte
297 2918 379 2982 castri
387 2918 423 2984 de
437 2925 597 2981 Governeto
612 2931 640 2981 et
655 2918 692 2980 de
701 2930 800 3000 quarta
810 2930 889 2998 parte
900 2916 1031 2980 territorii
1045 2916 1081 2978 de
1093 2921 1172 2998 Boy·

96 3029 163 3094 seto,
180 3029 209 3078 et
228 3034 313 3097 snper
334 3015 464 3097 homagio
484 3028 646 3097 sequto.-
667 3033 715 3094 141
727 3033 751 3077 1.
772 3022 851 3091 Item,
881 3033 966 3095 super
981 3012 1172 3094 recognitione

97 3109 144 3192 ipsi
157 3113 235 3175 dom.
256 3120 292 3174 H.
308 3113 381 3176 facta
393 3132 443 3194 per
452 3119 587 3195 Agnetem
600 3113 636 3176 de
654 3120 773 3189 Aurana,
793 3113 828 3174 de
847 3112 975 3174 omnibus
1003 3125 1031 3174 et
1057 3109 1172 3191 singulis

8 3247 9 3250 =
98 3227 147 3289 que
160 3209 307 3273 consuevit
319 3223 415 3272 tenere
434 3210 509 3292 apud
530 3217 738 3293 Vercoyranum
765 3223 793 3272 et
818 3218 954 3274 Autanam
977 3227 1029 3290 pro
1058 3207 1172 3270 domino

102 3308 199 3371 Montis
214 3307 325 3385 Albani,
339 3309 412 3371 etde
427 3309 556 3371 omnibus
570 3322 598 3371 et
614 3309 728 3388 singulis
747 3327 802 3390 que
816 3307 961 3372 consuevit
980 3319 1076 3368 tenere
1097 3304 1172 3386 apud

100 3405 291 3468 Medullionem
304 3424 356 3486 pro
373 3405 486 3469 domino
502 3404 688 3469 Medullionis.
720 3439 760 3452 —
790 3424 874 3485 ¹4¹2·
892 3389 973 3480 ltem,
988 3423 1072 3485 super
1090 3421 1173 3465 reco-

100 3502 215 3582 gnitione
227 3502 281 3584 ipsi
295 3503 371 3564 dom.
391 3510 426 3566 H.
445 3504 518 3566 lacta
528 3523 579 3584 per
593 3503 669 3565 dom.
686 3509 825 3583 Agoutum
839 3503 875 3564 de
896 3500 1011 3576 Baucio,
1031 3501 1067 3562 de
1081 3513 1173 3562 castro

103 3599 219 3662 Planiani
234 3613 263 3662 et
276 3598 412 3662 fortalicio
428 3601 463 3662 de
478 3600 624 3664 (luitberto
638 3619 701 3664 cum
715 3619 810 3662 corum
824 3598 981 3672 territoriis,
997 3597 1075 3660 salvo
1087 3610 1115 3659 et
1126 3616 1175 3659 re-

100 3705 170 3760 tento
184 3711 213 3760 et
229 3711 383 3778 protestato
397 3697 457 3777 jure
471 3698 548 3780 quod
556 3698 640 3762 habet
654 3699 731 3761 dom.
747 3718 819 3778 papa
833 3697 861 3759 in
874 3696 1009 3759 fortalicio
1023 3710 1050 3758 et
1064 3694 1175 3758 territo-

100 3793 138 3856 rio
150 3794 355 3870 deGuitberto,
369 3787 444 3858 etde
455 3809 548 3858 castro
565 3796 600 3857 de
615 3795 699 3876 Spina
717 3808 745 3857 et
759 3794 795 3856 de
807 3807 899 3856 castro
917 3792 953 3854 de
967 3792 1132 3855 villafranca
1146 3805 1175 3854 et

8 3971 9 3978 ἵ
101 3889 133 3952 de
144 3892 233 3954 tribus
246 3890 371 3973 partibus
381 3892 463 3954 castri
477 3893 513 3955 de
528 3900 607 3973 Rupe
628 3911 712 3974 supra
729 3899 837 3954 Boxum
851 3890 928 3955 etde
942 3890 1030 3954 tribus
1050 3885 1191 3971 partibus'

102 3988 208 4068 majoris
226 3988 340 4052 dominii
355 4003 508 4052 castrorum
522 3989 563 4051 de
572 3990 712 4052 Alauzone
737 3989 815 4052 etde
833 3996 942 4070 Rupeta
968 4001 996 4050 et
1020 3987 1175 4051 medietatis

8 4117 9 4156 ς
102 4085 181 4147 castri
193 4086 230 4148 de
245 4093 364 4164 Aurana,
376 4099 404 4150 et
413 4087 479 4150 fecit
495 4085 664 4166 homagium.
681 4121 721 4134 -
740 4105 824 4166 1413.
842 4095 922 4164 Item,
938 4107 1022 4169 super
1042 4085 1175 4167 recogni-

8 4171 9 4178 '
103 4181 174 4244 tione
186 4198 215 4246 et
230 4183 359 4266 homagio
373 4204 430 4246 non
444 4183 509 4266 ligio
524 4184 603 4247 lactis
616 4183 668 4266 ipsi
685 4183 761 4246 dom.
776 4191 812 4246 H.
827 4204 878 4266 per
892 4185 968 4248 dom.
987 4183 1174 4267 Marquesiom
