2844 4900
721 453 897 498 —122-

275 565 391 628 Nativit.
411 565 538 641 Dr'rice..,
550 565 695 628 continens
707 565 866 646 homagium
876 564 970 646 ligium
983 564 1129 646 prestitum
1143 583 1195 646 per
1208 563 1338 628 Vionetum

275 661 404 725 Monachi
420 661 456 724 de
467 660 592 724 avalone
606 674 636 724 et
645 662 831 724 terminum...

311 759 381 834 683.
395 765 474 835 ltem,
493 757 578 839 qued.
596 757 691 821 lictere
702 759 776 822 lacte
791 778 885 821 coram
902 758 1014 823 officiali
1027 757 1285 841 Grationopulitani,
1298 759 1340 822 sub
1402 791 1403 794 τ

217 885 225 898 ·
273 875 347 922 anno
375 855 429 918 Diri
459 861 725 932 n⁰ccc⁰xxx1x⁰,
748 855 834 918 indic.
850 871 914 934 vur,
931 856 1047 937 sigillate
1070 855 1100 918 in
1121 855 1253 937 pendenti
1266 855 1340 936 sigillo
1402 849 1403 858 ’

272 954 350 1020 curie
359 952 523 1016 officialatus
533 953 976 1034 Grationopolitani,continentes
984 953 1071 1035 quod.
1082 953 1202 1016 vidimus
1210 953 1304 1015 lactum
1312 953 1341 1013 de
1402 1017 1403 1026 ρ

274 1050 363 1134 quod.
379 1049 491 1131 publico
504 1049 688 1112 instrumento
702 1051 813 1114 factost
823 1066 937 1132 recepto
949 1071 1032 1114 manu
1047 1051 1123 1114 Petri
1137 1052 1241 1115 viniaci
1257 1052 1340 1114 notari

272 1147 353 1230 publ.
370 1146 421 1210 sub
441 1164 515 1210 anno
540 1147 596 1208 Diri
612 1153 748 1224 M⁰CCC⁰,
764 1147 850 1211 indic.
866 1161 940 1225 xrnr,
958 1148 1003 1211 die
1016 1147 1127 1210 veneris
1141 1162 1206 1228 post
1218 1147 1340 1210 lestumh¹

274 1242 378 1307 Mathis
397 1243 547 1325 appostoli,
559 1244 587 1306 in
603 1264 658 1325 quo
669 1243 759 1306 ἰττεῐτιο
769 1246 926 1308 continetur
938 1244 1025 1326 quod.
1037 1244 1115 1307 dom.
1131 1244 1287 1306 hunbertus
1295 1244 1343 1305 dal·

272 1342 373 1425 phinus
384 1354 411 1404 et
426 1341 504 1403 dom²
517 1349 607 1416 Anna,
618 1343 677 1421 ejus
684 1361 811 1418 consors,
824 1355 852 1405 ct
859 1343 936 1405 dom.
945 1343 1086 1405 lohannes
1092 1342 1255 1423 Dalphinus,
1262 1363 1343 1405 eorum

272 1439 377 1522 primus
392 1438 474 1515 hlius,
498 1441 701 1502 transtulerunt
713 1454 744 1503 ut
750 1455 878 1504 narratur
893 1441 921 1503 in
943 1440 1004 1522 ipso
1016 1440 1213 1516 instrumento,
1235 1441 1262 1501 in
1276 1442 1339 1504 dom.

273 1537 429 1618 Guigonem
455 1536 598 1599 Alamandi
618 1557 653 1600 ex
676 1557 759 1600 causa
775 1537 998 1619 permutationis,
1019 1537 1150 1619 quicquid
1176 1537 1308 1600 habebant
1320 1540 1342 1600 in

273 1648 364 1697 castro
388 1634 423 1698 de
441 1634 564 1717 Claysio,
581 1649 611 1696 ut
625 1635 769 1698 asserebat
782 1636 873 1699 dictus
886 1635 962 1697 dom.
982 1635 1090 1716 Guigo;
1110 1635 1255 1698 continens
1274 1635 1342 1696 etiarn
1402 1641 1403 1704 l

272 1731 347 1813 quod
371 1732 494 1794 decanus
506 1745 534 1794 et
552 1732 701 1814 capitulum
716 1733 834 1796 ecclesie
852 1740 939 1795 Beate
954 1732 1041 1795 Marie
1057 1732 1262 1814 Grationopolis
1287 1731 1343 1793 reti-
1402 1809 1403 1824 ρ

272 1842 393 1892 nuerunt
416 1842 445 1890 et
468 1827 652 1893 investierunt
680 1830 800 1893 eundem
824 1830 901 1892 dom.
927 1830 1082 1912 Guigonem
1105 1830 1140 1894 de
1162 1832 1284 1913 aquisitis
1303 1849 1343 1913 per

271 1926 362 2007 ipsum
377 1925 406 1987 in
417 1925 613 1989 mandamento
629 1926 741 2010 Claysiy
753 1927 788 1988 ab
803 1927 931 1989 Ysoardo
945 1927 981 1989 de
997 1927 1119 2010 Claysio.
1402 1917 1403 1920 ¹

246 2027 255 2036 “
312 2023 382 2102 684.
407 2029 487 2099 ltem,
511 2023 597 2105 quod.
626 2023 837 2092 instrumentum
858 2024 902 2105 (ut
927 2024 1011 2107 618),
1031 2025 1178 2088 continens
1200 2025 1342 2107 homagium

272 2119 366 2202 ligium
381 2120 525 2200 prestitum
538 2141 589 2202 per
613 2126 726 2184 Petrum
744 2122 875 2184 Bectonis
885 2136 912 2184 et
928 2135 998 2185 cert.
1012 2122 1199 2184 terminum...
1402 2197 1403 2212 ρ

312 2219 382 2300 685.
409 2226 488 2294 Item,
515 2220 601 2301 quod.
624 2220 702 2302 publ.
731 2221 961 2296 instrumentum,
983 2219 1141 2282 conlectum
1161 2237 1243 2280 manu
1265 2217 1344 2280 llunbi
1402 2231 1403 2312 J

274 2314 355 2378 Pilati
369 2315 405 2379 de
416 2317 535 2379 Buxeria
548 2332 608 2380 not.
624 2317 692 2399 pub.
709 2317 761 2379 sub
778 2337 852 2379 anno
863 2317 978 2380 Nativit.
995 2316 1048 2378 Diri
1065 2321 1343 2388 n⁰ccc⁰xxxvln⁰‚
1402 2353 1403 2406 ρ

272 2411 369 2475 indict.
400 2426 454 2488 vl³‚
486 2413 531 2476 die
549 2427 598 2475 τοτε
611 2414 713 2476 mensis
729 2413 896 2489 decembris,
920 2413 1066 2476 continens
1087 2413 1245 2493 homagium
1262 2411 1344 2492 ligium
1402 2431 1403 2478 l

273 2509 417 2589 prestitum
444 2529 495 2590 per
513 2510 634 2572 nobilem
658 2511 836 2592 Hugoninum
866 2510 1021 2586 Alamandi,
1036 2509 1121 2570 filium
1145 2510 1262 2575 condam
1282 2506 1344 2569 dom¹

276 2605 414 2668 Guillelmi
428 2606 572 2668 Alamandi
589 2607 691 2684 militis,
704 2607 807 2669 domini
821 2606 904 2668 Vallis
915 2606 1026 2668 Bonesii
1035 2607 1166 2681 condam,
1179 2607 1256 2669 dom⁰
1267 2613 1346 2667 Hum-
1402 2619 1403 2690 ρ

276 2701 357 2765 berto
372 2701 503 2782 dalphino
518 2703 667 2766 Viennensi
682 2718 710 2766 et
720 2704 943 2784 recognicionem
960 2723 1011 2785 per
1024 2703 1114 2784 ipsum
1131 2710 1244 2784 Hugon.
1256 2703 1344 2764 factm
1402 2691 1403 2724 l

276 2799 312 2861 de
323 2812 416 2860 castro
427 2798 510 2862 Vallis
522 2801 645 2874 Bonesii‚
661 2802 696 2862 de
710 2801 787 2873 piru,
800 2800 835 2861 de
845 2799 955 2882 Claysio
964 2813 992 2862 et
1004 2798 1039 2860 de
1051 2799 1178 2880 pluribus
1187 2799 1342 2874 aliisfeudis,

274 2896 359 2960 modu
374 2908 402 2958 et
416 2896 504 2958 lorma
519 2896 618 2978 quibus
632 2898 699 2959 alias
721 2910 947 2979 recognoverunt
970 2897 1043 2958 dom¹
1057 2897 1149 2977 Guigo
1171 2896 1309 2958 Alamandi
1323 2907 1345 2956 et
1402 2907 1403 2958 l

274 2992 436 3054 Guillelmus
453 2993 542 3054 Alam.
560 2996 619 3073 ejus
626 2994 715 3071 nlius,
729 2995 832 3056 domini
843 2992 1049 3062 Vallisssonesii
1060 2992 1191 3070 condam,
1203 2994 1249 3075 qui
1257 2994 1345 3054 modus
1402 2965 1403 3040 l

273 3103 302 3152 ct
317 3091 406 3153 forma
420 3091 597 3154 continentur
612 3107 640 3155 et
656 3092 888 3155 describun'turin
900 3092 1022 3172 presenti
1036 3092 1257 3154 instrumento...

313 3188 383 3251 686.
401 3196 481 3266 Item,
499 3190 586 3271 quod.
605 3190 682 3272 publ.
701 3191 913 3253 instrumentum
927 3189 1060 3269 scriptum
1072 3203 1100 3252 et
1112 3190 1250 3270 signatum
1274 3208 1345 3252 manu

275 3286 368 3349 Hunb¹
389 3287 469 3349 Pilati
484 3301 543 3350 not.
563 3288 632 3369 pub.
652 3288 705 3350 suh
725 3307 798 3349 anno
818 3287 872 3348 Diri
898 3292 1177 3362 M⁰CCC⁰XXXVll⁰,
1203 3287 1285 3349 indic.
1307 3298 1344 3362 vr,
1402 3279 1403 3328 l

274 3384 319 3447 die
333 3397 395 3447 vnr²
409 3385 512 3447 mensis
526 3384 697 3461 novembris,
714 3384 860 3448 continens
882 3383 1061 3445 donationem
1076 3383 1178 3445 factam
1206 3405 1255 3465 per
1279 3384 1344 3444 dom.

276 3481 489 3564 ll(umbertum)
500 3482 660 3563 dalphinum
675 3490 817 3545 Dronneto
833 3483 868 3543 de
883 3481 1016 3557 Vallibus,
1030 3480 1057 3542 in
1073 3482 1346 3563 recompensationem
1402 3527 1403 3594 ρ

273 3577 375 3656 jurium
388 3599 442 3660 que
464 3579 585 3642 babebat
598 3580 626 3641 in
642 3592 733 3666 castro
751 3580 896 3642 Bellivisus
916 3580 951 3641 de
969 3587 1076 3655 Marco,
1095 3579 1131 3642 de
1146 3593 1238 3642 castro
1255 3587 1347 3641 Terra·
1402 3595 1403 3668 ρ

274 3675 324 3754 tie;
341 3696 461 3758 proquo
476 3691 567 3740 castro
583 3676 656 3739 idern
672 3685 811 3739 Dronetus
827 3677 892 3740 fecit
904 3677 1063 3758 homagium
1077 3677 1171 3759 ligium
1186 3679 1259 3741 dicto
1275 3677 1342 3738 dom.
1402 3683 1403 3746 l

275 3765 406 3855 d'alphir'ro
421 3787 449 3837 et
461 3775 528 3838 dict.
544 3789 665 3838 castrum
675 3775 710 3837 de
725 3775 850 3837 Terratia
873 3775 1037 3857 recognovit
1050 3794 1081 3837 se
1095 3790 1192 3839 tenere
1205 3776 1232 3838 in
1245 3774 1346 3837 feudum
1402 3747 1403 3836 l

254 3871 786 3954 ·reddibileadicrodom.dalphino.

315 3968 384 4048 687.
409 3976 487 4046 Item,
502 3970 587 4052 quod.
607 3970 686 4052 publ.
705 3971 917 4032 instrumentum
937 3969 979 4050 (ut
992 3968 1076 4050 618),
1090 3969 1236 4032 continens
1258 3969 1347 4030 horna·
1402 3971 1403 3992 l

276 4067 351 4147 glum
365 4066 458 4148 ligium
469 4067 612 4148 prestitum
623 4087 673 4148 per
686 4067 860 4130 Guillelmum
878 4065 1012 4127 hrthaudi
1024 4065 1102 4127 dom⁰
1112 4065 1244 4148 dalphino
1257 4080 1283 4128 et
1295 4076 1348 4126 ter·

277 4183 418 4227 mrnum...
