2894 4906
721 467 899 546 ..μό-

274 600 320 664 vel
331 599 416 663 rebus
430 599 569 663 umbem
589 599 727 664 ameum
745 615 773 664 et
786 601 910 684 Amedey
921 601 958 665 de
970 601 1084 679 Charta,
1101 591 1259 683 homagium
1274 599 1339 662 lace
1421 609 1422 614 ’

275 710 318 760 ret
329 696 424 779 ligium
437 710 493 759 tam
507 715 558 779 per
573 717 604 761 se
616 718 698 782 quam
712 699 830 762 heredes
839 717 904 762 suos
919 699 1039 763 Berlioni
1055 700 1092 763 de
1110 706 1197 763 Turre
1216 712 1245 761 et
1263 697 1339 760 here-

274 791 356 855 dibus
369 791 436 871 suis,
451 804 480 855 et
492 793 566 874 quod
584 793 710 857 homines
727 794 814 877 ipsius
827 801 861 858 A.
875 795 987 859 veniant
1000 794 1036 858 ad
1049 794 1204 858 clausuram
1217 792 1295 876 burgi
1308 793 1339 854 de

276 887 377 972 vim,
390 887 454 952 dan
467 907 541 954 anno
557 889 611 952 nat
624 897 852 955 utactuxuxt.

320 1005 404 1068 1793·
422 993 454 1050 lt.
468 987 516 1069 qd.
530 987 740 1051 instrumentum
755 986 888 1070 scriptun
901 1007 984 1052 rnanu
998 989 1132 1054 Johannis
1147 985 1341 1051 ulbaudicim
1422 981 1423 1004 ¹

274 1087 348 1161 tarii,
365 1086 418 1150 sub
439 1107 513 1150 anno
532 1094 760 1164 M⁰CCC0X⁰lll⁰‚
782 1086 868 1151 indic.
889 1100 942 1152 x11²
955 1101 985 1152 et
1004 1089 1050 1152 die
1066 1098 1096 1152 v²
1116 1088 1220 1152 mensis
1241 1085 1339 1162 marcii,

277 1185 422 1248 continens
434 1185 633 1250 mutuationem
652 1199 681 1248 et
699 1183 877 1249 concordiam
900 1185 1000 1250 inhitas
1023 1173 1183 1249 inte'rdom.
1200 1184 1339 1246 Henricun

276 1282 417 1348 dominum
432 1281 468 1345 de
490 1289 579 1346 Turre
593 1297 621 1346 at
638 1283 764 1346 Varilleui
786 1296 915 1365 exparte
936 1269 992 1346 una
1015 1295 1043 1346 et
1061 1281 1220 1364 religiosum
1237 1282 1339 1344 fratrem

276 1379 443 1443 Anthonium
458 1379 495 1443 de
509 1385 608 1444 Castro
623 1386 717 1457 Novo,
731 1391 926 1462 preceptorem
941 1387 1121 1457 trecensem,
1137 1379 1244 1442 ordinis
1258 1377 1339 1442 Sancti
1423 1375 1424 1386 ’

277 1476 407 1540 Anthonii
421 1474 568 1554 exaltem,
586 1477 615 1539 in
625 1496 683 1559 quo
693 1477 850 1540 continetur
867 1476 943 1558 quod
958 1475 1127 1540 fortalicium·
1136 1488 1267 1538 vocatum
1283 1481 1340 1535 lton

278 1573 374 1655 Elegio
386 1586 415 1636 et
429 1592 463 1636 ea
478 1593 533 1656 que
547 1573 615 1638 dict.
631 1573 716 1638 irater
727 1574 810 1637 Antlr.
827 1572 948 1636 habebat
968 1572 1195 1655 inira-proelpam
1210 1571 1247 1635 de
1269 1570 1339 1634 Vatil·

276 1671 331 1734 lieu
349 1683 413 1734 sunt
431 1670 467 1734 de
486 1671 570 1734 leudo
593 1671 689 1735 franco
712 1671 777 1734 dicti
796 1671 900 1735 domini
922 1670 1038 1755 Vinayci
1058 1685 1088 1734 et
1103 1671 1170 1734 dict.
1184 1669 1339 1734 fortalicium
1424 1755 1425 1762 ἵ

152 1811 155 1820 ·
278 1767 425 1846 reddibile,
438 1782 467 1832 et
479 1768 544 1833 inde
564 1769 630 1833 fecit
644 1769 867 1852 recognicionem
881 1769 989 1851 prelato
1000 1768 1076 1832 dom.
1095 1768 1230 1832 ilenrico.

322 1882 406 1947 ¹794·
427 1872 460 1929 lt.
476 1865 525 1947 qd.
542 1864 638 1930 lietera
656 1867 808 1949 sersigillis
822 1866 851 1928 in
866 1865 998 1948 pendenti
1011 1864 1138 1946 sigillata,
1152 1883 1285 1928 concessa
1297 1881 1341 1944 per

277 1964 354 2026 dom.
372 1961 544 2046 A(lbertum)
567 1964 709 2027 sacristam
728 1963 871 2041 Romanis,
888 1964 1079 2026 arbitratorenr
1103 1983 1186 2046 super
1205 1962 1339 2047 questione

278 2081 332 2144 que
344 2060 504 2124 vertebatur
516 2061 588 2124 inter
599 2061 675 2124 dom.
692 2061 848 2124 Berlionem
865 2061 901 2123 de
909 2067 998 2124 Turre
1012 2073 1041 2124 et
1051 2068 1204 2124 lasermunr
1219 2059 1338 2123 vicariurn
1425 2061 1426 2110 l

280 2165 446 2235 Romanum,
472 2179 507 2222 err
524 2178 578 2222 una
602 2173 691 2240 parte,
712 2173 740 2222 et
759 2159 931 2222 odobertum
963 2158 1104 2221 dominum
1124 2158 1214 2222 Castri
1233 2156 1302 2220 Novi
1317 2169 1340 2218 et

279 2255 356 2319 dom.
368 2255 541 2321 Guillelmum
551 2270 578 2319 et
588 2255 768 2320 Bonitiacium
778 2277 812 2320 er
822 2258 919 2334 altera,
934 2277 989 2338 qua
999 2256 1155 2321 continetur
1168 2257 1246 2338 quod
1258 2268 1341 2319 teneat

280 2354 581 2418 dict.dominusCastri
603 2351 676 2418 novi
689 2375 706 2417 a
720 2354 795 2419 dicto
808 2355 839 2419 d.
858 2355 986 2419 Berlione
1010 2368 1131 2418 castrum
1147 2353 1182 2417 de
1206 2352 1341 2416 Armeuiet
1366 2352 1369 2360 ’

280 2453 346 2516 illud
360 2467 487 2517 teneatur
501 2452 619 2518 reddere
632 2473 683 2536 pro
700 2472 751 2516 suo
762 2453 896 2530 dominio,
912 2451 977 2516 data
1000 2449 1046 2514 die
1061 2450 1156 2516 martis
1168 2464 1235 2535 post
1253 2452 1340 2516 lectum
1426 2447 1427 2472 ¹

280 2549 307 2614 b¹
325 2558 399 2614 nuce
415 2544 602 2614 uectura.
1237 2531 1249 2556 ⁸

326 2666 410 2730 ¹795·
425 2654 457 2710 lt.
470 2649 519 2730 qd.
532 2648 742 2712 instrumentum
756 2661 895 2730 sumptum
909 2667 993 2711 manu
1009 2646 1153 2710 llumberti
1169 2647 1342 2711 Putoudino-

281 2745 343 2808 tarii
358 2745 410 2808 sub
430 2764 503 2808 anno
521 2746 574 2808 nni
591 2752 831 2823 M⁰CCC⁰XL0110‚
851 2744 937 2808 indic.
951 2757 985 2808 x*
1001 2757 1029 2808 et
1044 2745 1089 2807 die
1105 2755 1147 2806 xr²
1158 2743 1262 2806 mensis
1273 2740 1340 2822 junii,

281 2839 425 2904 continens
434 2840 591 2923 homagium
604 2842 707 2907 iactum
723 2843 992 2926 dom0Aynardotle
1005 2849 1093 2905 Turre
1110 2841 1224 2904 domino
1240 2839 1342 2924 vinayci

282 2957 333 3021 per
350 2938 470 3002 nobilem
485 2945 668 3023 Eymonetum
687 2939 722 3003 de
742 2948 842 3022 Lemps
863 2953 892 3004 et
909 2940 1131 3023 recognicionem
1148 2938 1249 3001 factam
1272 2935 1343 3020 (....)

282 3037 525 3115 omneshomines‚
540 3056 585 3100 res
599 3051 627 3101 et
639 3057 739 3101 census
758 3056 791 3101 ac
808 3037 925 3101 servicia
947 3057 1001 3122 que
1019 3036 1079 3120 ipse
1092 3034 1344 3121 Eymonetushabet

283 3135 354 3198 inira
367 3134 541 3216 parrochiam
554 3134 589 3197 de
600 3135 682 3218 Byol.

328 3232 412 3315 1796.
448 3239 527 3310 ltem,
552 3231 638 3314 quod.
667 3231 786 3296 vidimus
814 3231 938 3295 officialis
964 3231 1127 3295 Viennensis
1152 3229 1255 3294 buum
1281 3247 1344 3292 anno

285 3337 503 3394 mcccxxxttt
528 3351 580 3413 per
597 3339 798 3414 laquamonum
815 3329 979 3394 Turrichelli
999 3329 1035 3391 de
1051 3329 1194 3407 Romanis,
1213 3329 1249 3392 de
1266 3325 1343 3411 quod.

284 3430 362 3512 publ.
374 3430 556 3493 instrumento
568 3441 683 3511 recepto
692 3447 743 3510 per
757 3428 940 3492 llumbertum
950 3427 1058 3510 Lagcrii
1071 3427 1208 3492 notarium
1222 3426 1291 3489 aulae
1302 3424 1345 3485 in

285 3526 395 3609 perialis
398 3573 552 3603 ............
570 3535 623 3589 11110
641 3524 685 3588 die
695 3525 814 3589 intrante
823 3523 979 3598 novembri,
997 3523 1143 3588 continens
1156 3523 1231 3606 quod
1247 3519 1345 3585 cumlis

287 3625 417 3689 existeret
428 3623 501 3688 inter
510 3624 586 3686 dom.
599 3623 758 3706 Aynardum
770 3623 806 3686 de
816 3630 916 3699 Turre,
925 3621 1066 3685 dominum
1076 3621 1112 3686 de
1120 3621 1257 3704 Vinayco‚
1269 3631 1346 3681 erno

286 3719 369 3784 bilem
383 3720 472 3784 virum
487 3721 563 3784 dom.
579 3721 738 3804 Aynardum
752 3721 893 3784 dominum
911 3720 947 3783 de
963 3727 1060 3783 Castro
1075 3725 1157 3783 Novo
1171 3731 1200 3783 et
1215 3715 1345 3780 dominum

289 3825 374 3882 Motae
388 3818 464 3882 Beati
477 3818 595 3882 Andreae
609 3838 644 3881 er
658 3817 756 3895 altera,
767 3817 913 3881 occasione
925 3831 1078 3881 castrorum
1087 3816 1123 3878 de
1133 3809 1346 3879 vatilliacoetde

290 3922 410 3978 Armeno
427 3928 457 3978 et
470 3915 505 3978 de
520 3915 587 3979 dict.
603 3927 756 3979 castrorum
770 3914 894 3996 juribus:
912 3934 974 3997 quae
984 3927 1075 3977 castra
1093 3913 1161 3976 dict.
1177 3911 1302 3975 dominus
1317 3905 1346 3967 de

292 4019 465 4077 castronovo
478 4013 588 4077 dicebat
602 4032 662 4078 esse
676 4033 725 4075 sua
742 4013 802 4092 jure
811 4012 987 4090 hereditario,
1002 4012 1092 4075 dictus
1108 4029 1175 4074 vcro
1185 4003 1346 4072 dominusde

292 4110 415 4192 Vinayco
428 4111 570 4174 asserebat
583 4109 657 4174 dicta
672 4124 760 4174 castra
777 4122 804 4173 et
818 4110 877 4190 jura
891 4109 943 4173 sibi
957 4120 1086 4200 tanquam
1101 4107 1345 4172 comissatenereet

294 4205 436 4290 possidere
446 4227 497 4288 pro
505 4207 582 4270 dom⁰
592 4207 840 4290 dalphinoetcuria
849 4205 1082 4288 dictid.dalphini
1092 4206 1210 4272 eteriam
1222 4215 1342 4284 tanquan
