<?xml version="1.0" encoding="UTF-8"?>
<!DOCTYPE html PUBLIC "-//W3C//DTD XHTML 1.0 Transitional//EN"
    "http://www.w3.org/TR/xhtml1/DTD/xhtml1-transitional.dtd">
<html xmlns="http://www.w3.org/1999/xhtml" xml:lang="en" lang="en">
 <head>
  <title>
</title>
<meta http-equiv="Content-Type" content="text/html;charset=utf-8" />
  <meta name='ocr-system' content='tesseract 3.04.00' />
  <meta name='ocr-capabilities' content='ocr_page ocr_carea ocr_par ocr_line ocrx_word'/>
</head>
<body>
  <div class='ocr_page' id='page_1' title='image "./inventairedesar00glgoog/inventairedesar00glgoog_0217.png"; bbox 0 0 2842 4900; ppageno 0'>
   <div class='ocr_carea' id='block_1_1' title="bbox 721 449 899 512">
    <p class='ocr_par' dir='ltr' id='par_1_1' title="bbox 721 449 899 512">
     <span class='ocr_line' id='line_1_1' title="bbox 721 449 899 512; baseline 0 -16"><span class='ocrx_word' id='word_1_1' title='bbox 721 449 899 512; x_wconf 61' lang='grc' dir='ltr'>..Ιῇ-</span> 
     </span>
    </p>
   </div>
   <div class='ocr_carea' id='block_1_2' title="bbox 268 559 1401 1055">
    <p class='ocr_par' dir='ltr' id='par_1_2' title="bbox 268 559 1401 1055">
     <span class='ocr_line' id='line_1_2' title="bbox 269 559 1330 666; baseline 0.007 -29"><span class='ocrx_word' id='word_1_2' title='bbox 269 574 412 638; x_wconf 69' lang='lat' dir='ltr'>ulbertum</span> <span class='ocrx_word' id='word_1_3' title='bbox 426 575 462 638; x_wconf 92' lang='lat' dir='ltr'>de</span> <span class='ocrx_word' id='word_1_4' title='bbox 476 575 597 666; x_wconf 84' lang='lat' dir='ltr'>Gumino</span> <span class='ocrx_word' id='word_1_5' title='bbox 608 575 798 656; x_wconf 86' lang='lat' dir='ltr'>domicellum,</span> <span class='ocrx_word' id='word_1_6' title='bbox 810 592 839 642; x_wconf 85' lang='lat' dir='ltr'>et</span> <span class='ocrx_word' id='word_1_7' title='bbox 852 580 1018 662; x_wconf 74' lang='lat' dir='ltr'>recognovit</span> <span class='ocrx_word' id='word_1_8' title='bbox 1039 599 1072 642; x_wconf 88' lang='lat' dir='ltr'>se</span> <span class='ocrx_word' id='word_1_9' title='bbox 1083 593 1181 644; x_wconf 84' lang='lat' dir='ltr'>tenere</span> <span class='ocrx_word' id='word_1_10' title='bbox 1193 579 1229 642; x_wconf 84' lang='lat' dir='ltr'>ab</span> <span class='ocrx_word' id='word_1_11' title='bbox 1246 559 1330 644; x_wconf 75' lang='lat' dir='ltr'>eedem</span> 
     </span>
     <span class='ocr_line' id='line_1_3' title="bbox 269 671 1332 754; baseline 0.006 -20"><span class='ocrx_word' id='word_1_12' title='bbox 269 671 345 736; x_wconf 91' lang='lat' dir='ltr'>dom.</span> <span class='ocrx_word' id='word_1_13' title='bbox 361 672 494 754; x_wconf 85' lang='lat' dir='ltr'>dalphino</span> <span class='ocrx_word' id='word_1_14' title='bbox 507 673 621 736; x_wconf 91' lang='lat' dir='ltr'>domum</span> <span class='ocrx_word' id='word_1_15' title='bbox 633 694 712 738; x_wconf 87' lang='lat' dir='ltr'>suam</span> <span class='ocrx_word' id='word_1_16' title='bbox 721 695 771 740; x_wconf 88' lang='lat' dir='ltr'>seu</span> <span class='ocrx_word' id='word_1_17' title='bbox 786 676 924 740; x_wconf 88' lang='lat' dir='ltr'>bastidam</span> <span class='ocrx_word' id='word_1_18' title='bbox 938 677 1018 740; x_wconf 84' lang='lat' dir='ltr'>sitam</span> <span class='ocrx_word' id='word_1_19' title='bbox 1032 676 1062 740; x_wconf 82' lang='lat' dir='ltr'>id</span> <span class='ocrx_word' id='word_1_20' title='bbox 1075 676 1268 741; x_wconf 80' lang='lat' dir='ltr'>mandamento</span> <span class='ocrx_word' id='word_1_21' title='bbox 1278 696 1332 740; x_wconf 77' lang='lat' dir='ltr'>aas·</span> 
     </span>
     <span class='ocr_line' id='line_1_4' title="bbox 268 765 1332 856; baseline 0.004 -24"><span class='ocrx_word' id='word_1_22' title='bbox 268 765 303 832; x_wconf 83' lang='lat' dir='ltr'>tri</span> <span class='ocrx_word' id='word_1_23' title='bbox 318 769 354 833; x_wconf 90' lang='lat' dir='ltr'>de</span> <span class='ocrx_word' id='word_1_24' title='bbox 369 776 473 848; x_wconf 87' lang='lat' dir='ltr'>Gnate,</span> <span class='ocrx_word' id='word_1_25' title='bbox 501 783 529 834; x_wconf 88' lang='lat' dir='ltr'>et</span> <span class='ocrx_word' id='word_1_26' title='bbox 554 770 668 854; x_wconf 90' lang='lat' dir='ltr'>insuper</span> <span class='ocrx_word' id='word_1_27' title='bbox 689 786 779 840; x_wconf 89' lang='lat' dir='ltr'>totum</span> <span class='ocrx_word' id='word_1_28' title='bbox 798 772 827 836; x_wconf 95' lang='lat' dir='ltr'>id</span> <span class='ocrx_word' id='word_1_29' title='bbox 841 774 917 856; x_wconf 90' lang='lat' dir='ltr'>quud</span> <span class='ocrx_word' id='word_1_30' title='bbox 931 774 1028 852; x_wconf 81' lang='lat' dir='ltr'>babet,</span> <span class='ocrx_word' id='word_1_31' title='bbox 1043 786 1121 838; x_wconf 87' lang='lat' dir='ltr'>tenet</span> <span class='ocrx_word' id='word_1_32' title='bbox 1142 787 1172 837; x_wconf 86' lang='lat' dir='ltr'>et</span> <span class='ocrx_word' id='word_1_33' title='bbox 1184 773 1299 855; x_wconf 87' lang='lat' dir='ltr'>possidet</span> <span class='ocrx_word' id='word_1_34' title='bbox 1309 775 1332 836; x_wconf 91' lang='lat' dir='ltr'>in</span> 
     </span>
     <span class='ocr_line' id='line_1_5' title="bbox 270 866 1331 953; baseline 0.004 -25"><span class='ocrx_word' id='word_1_35' title='bbox 270 866 467 930; x_wconf 86' lang='lat' dir='ltr'><strong>mandamento</strong></span> <span class='ocrx_word' id='word_1_36' title='bbox 481 881 510 930; x_wconf 91' lang='lat' dir='ltr'>et</span> <span class='ocrx_word' id='word_1_37' title='bbox 530 868 655 932; x_wconf 88' lang='lat' dir='ltr'>districtu</span> <span class='ocrx_word' id='word_1_38' title='bbox 683 870 767 934; x_wconf 81' lang='lat' dir='ltr'>casui</span> <span class='ocrx_word' id='word_1_39' title='bbox 788 871 824 934; x_wconf 90' lang='lat' dir='ltr'>de</span> <span class='ocrx_word' id='word_1_40' title='bbox 850 878 943 936; x_wconf 77' lang='lat' dir='ltr'>Gume</span> <span class='ocrx_word' id='word_1_41' title='bbox 958 883 982 938; x_wconf 84' lang='lat'>¹.</span> <span class='ocrx_word' id='word_1_42' title='bbox 1005 903 1045 920; x_wconf 84' lang='lat'>·-</span> <span class='ocrx_word' id='word_1_43' title='bbox 1066 871 1331 953; x_wconf 70' lang='lat' dir='ltr'>to5;.1tem,tettl.</span> 
     </span>
     <span class='ocr_line' id='line_1_6' title="bbox 268 965 1401 1055; baseline 0.009 -27"><span class='ocrx_word' id='word_1_44' title='bbox 268 965 401 1047; x_wconf 89' lang='lat' dir='ltr'>scriptum</span> <span class='ocrx_word' id='word_1_45' title='bbox 412 978 538 1050; x_wconf 79' lang='lat' dir='ltr'>utsupra,</span> <span class='ocrx_word' id='word_1_46' title='bbox 552 967 598 1030; x_wconf 91' lang='lat' dir='ltr'>die</span> <span class='ocrx_word' id='word_1_47' title='bbox 608 982 661 1032; x_wconf 75' lang='lat' dir='ltr'>xit·</span> <span class='ocrx_word' id='word_1_48' title='bbox 672 983 761 1034; x_wconf 89' lang='lat' dir='ltr'>mens.</span> <span class='ocrx_word' id='word_1_49' title='bbox 773 969 851 1049; x_wconf 87' lang='lat' dir='ltr'>junii,</span> <span class='ocrx_word' id='word_1_50' title='bbox 866 969 1015 1034; x_wconf 82' lang='lat' dir='ltr'>continens</span> <span class='ocrx_word' id='word_1_51' title='bbox 1036 969 1195 1051; x_wconf 81' lang='lat' dir='ltr'>homagium</span> <span class='ocrx_word' id='word_1_52' title='bbox 1205 968 1332 1055; x_wconf 67' lang='lat' dir='ltr'>preptitum</span> <span class='ocrx_word' id='word_1_53' title='bbox 1400 1025 1401 1038; x_wconf 67' lang='grc'>,</span> 
     </span>
    </p>
   </div>
   <div class='ocr_carea' id='block_1_3' title="bbox 153 1062 1401 1150">
    <p class='ocr_par' dir='ltr' id='par_1_3' title="bbox 153 1062 1401 1150">
     <span class='ocr_line' id='line_1_7' title="bbox 153 1062 1401 1150; baseline 0.004 -27"><span class='ocrx_word' id='word_1_54' title='bbox 153 1081 154 1084; x_wconf 64' lang='grc'>’</span> <span class='ocrx_word' id='word_1_55' title='bbox 269 1081 321 1144; x_wconf 90' lang='lat' dir='ltr'>per</span> <span class='ocrx_word' id='word_1_56' title='bbox 355 1062 523 1126; x_wconf 84' lang='lat' dir='ltr'>Guienetum</span> <span class='ocrx_word' id='word_1_57' title='bbox 552 1065 697 1150; x_wconf 85' lang='lat' dir='ltr'>Revoyrie&#39;</span> <span class='ocrx_word' id='word_1_58' title='bbox 713 1065 890 1130; x_wconf 88' lang='lat' dir='ltr'>domicellum</span> <span class='ocrx_word' id='word_1_59' title='bbox 919 1067 1000 1129; x_wconf 81' lang='lat' dir='ltr'>dem⁰</span> <span class='ocrx_word' id='word_1_60' title='bbox 1017 1079 1114 1130; x_wconf 82' lang='lat' dir='ltr'>nostro</span> <span class='ocrx_word' id='word_1_61' title='bbox 1138 1065 1277 1146; x_wconf 83' lang='lat' dir='ltr'>delphino.</span> <span class='ocrx_word' id='word_1_62' title='bbox 1301 1098 1330 1114; x_wconf 86' lang='lat'>-</span> <span class='ocrx_word' id='word_1_63' title='bbox 1400 1089 1401 1128; x_wconf 67' lang='lat' dir='ltr'>t</span> 
     </span>
    </p>
   </div>
   <div class='ocr_carea' id='block_1_4' title="bbox 219 1161 1401 4068">
    <p class='ocr_par' dir='ltr' id='par_1_4' title="bbox 219 1161 1401 4068">
     <span class='ocr_line' id='line_1_8' title="bbox 274 1161 1333 1246; baseline 0.002 -24"><span class='ocrx_word' id='word_1_64' title='bbox 274 1177 359 1242; x_wconf 78' lang='lat'>¹⁰54·</span> <span class='ocrx_word' id='word_1_65' title='bbox 377 1167 457 1238; x_wconf 83' lang='lat' dir='ltr'>Item,</span> <span class='ocrx_word' id='word_1_66' title='bbox 488 1161 525 1226; x_wconf 88' lang='lat' dir='ltr'>al.</span> <span class='ocrx_word' id='word_1_67' title='bbox 544 1161 703 1246; x_wconf 83' lang='lat' dir='ltr'>homagium</span> <span class='ocrx_word' id='word_1_68' title='bbox 729 1163 875 1246; x_wconf 80' lang='lat' dir='ltr'>prestitum</span> <span class='ocrx_word' id='word_1_69' title='bbox 887 1163 963 1228; x_wconf 87' lang='lat' dir='ltr'>dicte</span> <span class='ocrx_word' id='word_1_70' title='bbox 977 1163 1055 1228; x_wconf 89' lang='lat' dir='ltr'>dom.</span> <span class='ocrx_word' id='word_1_71' title='bbox 1069 1162 1204 1244; x_wconf 84' lang='lat' dir='ltr'>delphino</span> <span class='ocrx_word' id='word_1_72' title='bbox 1214 1179 1262 1243; x_wconf 88' lang='lat' dir='ltr'>per</span> <span class='ocrx_word' id='word_1_73' title='bbox 1273 1169 1333 1224; x_wconf 83' lang='lat' dir='ltr'>Dra·</span> 
     </span>
     <span class='ocr_line' id='line_1_9' title="bbox 269 1257 1401 1344; baseline 0.005 -26"><span class='ocrx_word' id='word_1_74' title='bbox 269 1257 898 1344; x_wconf 70' lang='lat' dir='ltr'>gonetumRevoytidomicellum.-·1055.</span> <span class='ocrx_word' id='word_1_75' title='bbox 924 1267 1004 1336; x_wconf 85' lang='lat' dir='ltr'>item,</span> <span class='ocrx_word' id='word_1_76' title='bbox 1028 1259 1116 1340; x_wconf 89' lang='lat' dir='ltr'>qued.</span> <span class='ocrx_word' id='word_1_77' title='bbox 1138 1257 1332 1322; x_wconf 72' lang='lat' dir='ltr'>instrumentum</span> <span class='ocrx_word' id='word_1_78' title='bbox 1400 1313 1401 1324; x_wconf 70' lang='grc'>,</span> 
     </span>
     <span class='ocr_line' id='line_1_10' title="bbox 269 1353 1401 1438; baseline 0.004 -22"><span class='ocrx_word' id='word_1_79' title='bbox 269 1353 402 1435; x_wconf 86' lang='lat' dir='ltr'>scriptum</span> <span class='ocrx_word' id='word_1_80' title='bbox 415 1366 534 1438; x_wconf 81' lang='lat' dir='ltr'>utsupra</span> <span class='ocrx_word' id='word_1_81' title='bbox 560 1368 590 1418; x_wconf 88' lang='lat' dir='ltr'>et</span> <span class='ocrx_word' id='word_1_82' title='bbox 616 1355 662 1419; x_wconf 87' lang='lat' dir='ltr'>die</span> <span class='ocrx_word' id='word_1_83' title='bbox 687 1369 850 1422; x_wconf 76' lang='lat' dir='ltr'>xxvmens.</span> <span class='ocrx_word' id='word_1_84' title='bbox 876 1356 955 1437; x_wconf 84' lang='lat' dir='ltr'>junii,</span> <span class='ocrx_word' id='word_1_85' title='bbox 974 1361 1121 1420; x_wconf 83' lang='lat' dir='ltr'>continens</span> <span class='ocrx_word' id='word_1_86' title='bbox 1138 1353 1213 1437; x_wconf 91' lang='lat' dir='ltr'>quod</span> <span class='ocrx_word' id='word_1_87' title='bbox 1230 1354 1332 1418; x_wconf 66' lang='lat' dir='ltr'>verber</span> <span class='ocrx_word' id='word_1_88' title='bbox 1400 1385 1401 1421; x_wconf 53' lang='lat'>4</span> 
     </span>
     <span class='ocr_line' id='line_1_11' title="bbox 270 1450 1401 1534; baseline 0 -22"><span class='ocrx_word' id='word_1_89' title='bbox 270 1450 312 1512; x_wconf 88' lang='lat' dir='ltr'>rel</span> <span class='ocrx_word' id='word_1_90' title='bbox 366 1451 409 1514; x_wconf 92' lang='lat' dir='ltr'>vir</span> <span class='ocrx_word' id='word_1_91' title='bbox 417 1450 495 1515; x_wconf 90' lang='lat' dir='ltr'>dom.</span> <span class='ocrx_word' id='word_1_92' title='bbox 507 1451 634 1515; x_wconf 79' lang='lat' dir='ltr'>Andreas</span> <span class='ocrx_word' id='word_1_93' title='bbox 644 1451 696 1515; x_wconf 85' lang='lat' dir='ltr'>Dei</span> <span class='ocrx_word' id='word_1_94' title='bbox 706 1452 794 1534; x_wconf 81' lang='lat' dir='ltr'>gratia</span> <span class='ocrx_word' id='word_1_95' title='bbox 806 1452 894 1518; x_wconf 80' lang='lat' dir='ltr'>abbas</span> <span class='ocrx_word' id='word_1_96' title='bbox 905 1452 1065 1517; x_wconf 87' lang='lat' dir='ltr'>monasterii</span> <span class='ocrx_word' id='word_1_97' title='bbox 1073 1451 1331 1525; x_wconf 86' lang='lat' dir='ltr'>Bonatumvallium,</span> <span class='ocrx_word' id='word_1_98' title='bbox 1400 1481 1401 1519; x_wconf 70' lang='lat'>3</span> 
     </span>
     <span class='ocr_line' id='line_1_12' title="bbox 272 1546 1401 1633; baseline 0.002 -25"><span class='ocrx_word' id='word_1_99' title='bbox 272 1546 461 1612; x_wconf 73' lang='lat' dir='ltr'>cistersiensis</span> <span class='ocrx_word' id='word_1_100' title='bbox 470 1548 586 1625; x_wconf 86' lang='lat' dir='ltr'>ordinis,</span> <span class='ocrx_word' id='word_1_101' title='bbox 596 1549 647 1612; x_wconf 83' lang='lat' dir='ltr'>nit</span> <span class='ocrx_word' id='word_1_102' title='bbox 656 1550 801 1615; x_wconf 83' lang='lat' dir='ltr'>confessus</span> <span class='ocrx_word' id='word_1_103' title='bbox 811 1564 839 1614; x_wconf 88' lang='lat' dir='ltr'>et</span> <span class='ocrx_word' id='word_1_104' title='bbox 852 1550 1019 1632; x_wconf 78' lang='lat' dir='ltr'>recognovit</span> <span class='ocrx_word' id='word_1_105' title='bbox 1028 1563 1159 1633; x_wconf 81' lang='lat' dir='ltr'>presente</span> <span class='ocrx_word' id='word_1_106' title='bbox 1173 1549 1334 1612; x_wconf 85' lang='lat' dir='ltr'>dom⁰nostro</span> <span class='ocrx_word' id='word_1_107' title='bbox 1400 1581 1401 1618; x_wconf 64' lang='lat'>2</span> 
     </span>
     <span class='ocr_line' id='line_1_13' title="bbox 270 1643 1401 1731; baseline -0.002 -24"><span class='ocrx_word' id='word_1_108' title='bbox 270 1643 402 1726; x_wconf 82' lang='lat' dir='ltr'>dalpltino</span> <span class='ocrx_word' id='word_1_109' title='bbox 414 1645 490 1728; x_wconf 92' lang='lat' dir='ltr'>quod</span> <span class='ocrx_word' id='word_1_110' title='bbox 505 1645 609 1710; x_wconf 88' lang='lat' dir='ltr'>molare</span> <span class='ocrx_word' id='word_1_111' title='bbox 625 1645 662 1710; x_wconf 92' lang='lat' dir='ltr'>de</span> <span class='ocrx_word' id='word_1_112' title='bbox 677 1653 793 1731; x_wconf 84' lang='lat' dir='ltr'>Moteye</span> <span class='ocrx_word' id='word_1_113' title='bbox 812 1661 856 1712; x_wconf 88' lang='lat' dir='ltr'>est</span> <span class='ocrx_word' id='word_1_114' title='bbox 873 1661 901 1712; x_wconf 87' lang='lat' dir='ltr'>et</span> <span class='ocrx_word' id='word_1_115' title='bbox 916 1647 968 1712; x_wconf 83' lang='lat' dir='ltr'>suit</span> <span class='ocrx_word' id='word_1_116' title='bbox 981 1647 1011 1710; x_wconf 92' lang='lat' dir='ltr'>in</span> <span class='ocrx_word' id='word_1_117' title='bbox 1025 1646 1151 1710; x_wconf 90' lang='lat' dir='ltr'>districtu</span> <span class='ocrx_word' id='word_1_118' title='bbox 1180 1659 1210 1710; x_wconf 88' lang='lat' dir='ltr'>et</span> <span class='ocrx_word' id='word_1_119' title='bbox 1234 1645 1334 1712; x_wconf 79' lang='lat' dir='ltr'>manda·</span> <span class='ocrx_word' id='word_1_120' title='bbox 1400 1677 1401 1716; x_wconf 69' lang='lat'>,</span> 
     </span>
     <span class='ocr_line' id='line_1_14' title="bbox 271 1741 1401 1828; baseline -0.004 -22"><span class='ocrx_word' id='word_1_121' title='bbox 271 1756 365 1808; x_wconf 91' lang='lat' dir='ltr'>mento</span> <span class='ocrx_word' id='word_1_122' title='bbox 380 1743 463 1806; x_wconf 84' lang='lat' dir='ltr'>castri</span> <span class='ocrx_word' id='word_1_123' title='bbox 480 1743 516 1806; x_wconf 86' lang='lat' dir='ltr'>de</span> <span class='ocrx_word' id='word_1_124' title='bbox 531 1751 620 1808; x_wconf 85' lang='lat' dir='ltr'>Turre</span> <span class='ocrx_word' id='word_1_125' title='bbox 635 1757 664 1808; x_wconf 87' lang='lat' dir='ltr'>et</span> <span class='ocrx_word' id='word_1_126' title='bbox 674 1745 753 1828; x_wconf 89' lang='lat' dir='ltr'>quud</span> <span class='ocrx_word' id='word_1_127' title='bbox 763 1745 854 1810; x_wconf 80' lang='lat' dir='ltr'>dictus</span> <span class='ocrx_word' id='word_1_128' title='bbox 866 1745 943 1808; x_wconf 91' lang='lat' dir='ltr'>dom.</span> <span class='ocrx_word' id='word_1_129' title='bbox 955 1745 1103 1828; x_wconf 78' lang='lat' dir='ltr'>delphinus</span> <span class='ocrx_word' id='word_1_130' title='bbox 1113 1744 1200 1808; x_wconf 88' lang='lat' dir='ltr'>habet</span> <span class='ocrx_word' id='word_1_131' title='bbox 1211 1743 1303 1806; x_wconf 88' lang='lat' dir='ltr'>ibidem</span> <span class='ocrx_word' id='word_1_132' title='bbox 1310 1741 1333 1802; x_wconf 93' lang='lat' dir='ltr'>in</span> <span class='ocrx_word' id='word_1_133' title='bbox 1400 1777 1401 1814; x_wconf 27' lang='grc' dir='ltr'>ᾗ</span> 
     </span>
     <span class='ocr_line' id='line_1_15' title="bbox 271 1839 1401 1926; baseline 0.004 -20"><span class='ocrx_word' id='word_1_134' title='bbox 271 1841 387 1906; x_wconf 75' lang='lat' dir='ltr'>bannia</span> <span class='ocrx_word' id='word_1_135' title='bbox 399 1841 435 1906; x_wconf 88' lang='lat' dir='ltr'>de</span> <span class='ocrx_word' id='word_1_136' title='bbox 447 1849 536 1906; x_wconf 85' lang='lat' dir='ltr'>Turre</span> <span class='ocrx_word' id='word_1_137' title='bbox 547 1859 654 1906; x_wconf 88' lang='lat' dir='ltr'>metum</span> <span class='ocrx_word' id='word_1_138' title='bbox 668 1857 698 1908; x_wconf 92' lang='lat' dir='ltr'>et</span> <span class='ocrx_word' id='word_1_139' title='bbox 711 1843 828 1908; x_wconf 80' lang='lat' dir='ltr'>inlutum</span> <span class='ocrx_word' id='word_1_140' title='bbox 844 1843 991 1926; x_wconf 87' lang='lat' dir='ltr'>imperium</span> <span class='ocrx_word' id='word_1_141' title='bbox 1005 1856 1034 1908; x_wconf 90' lang='lat' dir='ltr'>et</span> <span class='ocrx_word' id='word_1_142' title='bbox 1046 1842 1234 1908; x_wconf 81' lang='lat' dir='ltr'>omnimodam</span> <span class='ocrx_word' id='word_1_143' title='bbox 1242 1839 1336 1922; x_wconf 88' lang='lat' dir='ltr'>juridic·</span> <span class='ocrx_word' id='word_1_144' title='bbox 1400 1875 1401 1910; x_wconf 80' lang='grc'>;</span> 
     </span>
     <span class='ocr_line' id='line_1_16' title="bbox 272 1953 1401 2016; baseline 0.005 -12"><span class='ocrx_word' id='word_1_145' title='bbox 272 1953 388 2016; x_wconf 87' lang='lat' dir='ltr'>uunem,</span> <span class='ocrx_word' id='word_1_146' title='bbox 404 1953 460 2003; x_wconf 86' lang='lat' dir='ltr'>etc.</span> <span class='ocrx_word' id='word_1_147' title='bbox 1400 2003 1401 2010; x_wconf 71' lang='grc'>,</span> 
     </span>
     <span class='ocr_line' id='line_1_17' title="bbox 317 2034 1401 2120; baseline -0.002 -20"><span class='ocrx_word' id='word_1_148' title='bbox 317 2037 401 2118; x_wconf 77' lang='lat'>1056.</span> <span class='ocrx_word' id='word_1_149' title='bbox 421 2045 502 2114; x_wconf 84' lang='lat' dir='ltr'>item,</span> <span class='ocrx_word' id='word_1_150' title='bbox 515 2036 601 2120; x_wconf 90' lang='lat' dir='ltr'>qued.</span> <span class='ocrx_word' id='word_1_151' title='bbox 617 2037 708 2102; x_wconf 90' lang='lat' dir='ltr'>littera</span> <span class='ocrx_word' id='word_1_152' title='bbox 722 2037 812 2120; x_wconf 90' lang='lat' dir='ltr'>sigillo</span> <span class='ocrx_word' id='word_1_153' title='bbox 821 2037 931 2102; x_wconf 89' lang='lat' dir='ltr'>comitis</span> <span class='ocrx_word' id='word_1_154' title='bbox 940 2038 1080 2102; x_wconf 86' lang='lat' dir='ltr'>sabaudie</span> <span class='ocrx_word' id='word_1_155' title='bbox 1095 2037 1124 2102; x_wconf 89' lang='lat' dir='ltr'>in</span> <span class='ocrx_word' id='word_1_156' title='bbox 1138 2034 1335 2118; x_wconf 85' lang='lat' dir='ltr'>pendentisigl-</span> <span class='ocrx_word' id='word_1_157' title='bbox 1400 2071 1401 2107; x_wconf 29' lang='grc' dir='ltr'>ξ</span> 
     </span>
     <span class='ocr_line' id='line_1_18' title="bbox 272 2135 1401 2217; baseline -0.004 -19"><span class='ocrx_word' id='word_1_158' title='bbox 272 2135 338 2213; x_wconf 85' lang='lat' dir='ltr'>lata,</span> <span class='ocrx_word' id='word_1_159' title='bbox 355 2135 501 2200; x_wconf 69' lang='lat' dir='ltr'>rennuens</span> <span class='ocrx_word' id='word_1_160' title='bbox 515 2135 603 2217; x_wconf 92' lang='lat' dir='ltr'>quod.</span> <span class='ocrx_word' id='word_1_161' title='bbox 620 2135 697 2198; x_wconf 90' lang='lat' dir='ltr'>dom.</span> <span class='ocrx_word' id='word_1_162' title='bbox 715 2135 855 2199; x_wconf 66' lang='lat' dir='ltr'>amedeus</span> <span class='ocrx_word' id='word_1_163' title='bbox 871 2155 966 2198; x_wconf 89' lang='lat' dir='ltr'>comes</span> <span class='ocrx_word' id='word_1_164' title='bbox 984 2135 1124 2200; x_wconf 81' lang='lat' dir='ltr'>sabaudie</span> <span class='ocrx_word' id='word_1_165' title='bbox 1143 2135 1335 2214; x_wconf 88' lang='lat' dir='ltr'>mandabrtper</span> <span class='ocrx_word' id='word_1_166' title='bbox 1399 2169 1401 2206; x_wconf 38' lang='grc' dir='ltr'>ἐ</span> 
     </span>
     <span class='ocr_line' id='line_1_19' title="bbox 273 2230 1401 2316; baseline -0.004 -20"><span class='ocrx_word' id='word_1_167' title='bbox 273 2231 385 2296; x_wconf 83' lang='lat' dir='ltr'>easdem</span> <span class='ocrx_word' id='word_1_168' title='bbox 395 2231 489 2316; x_wconf 88' lang='lat' dir='ltr'>bayllo</span> <span class='ocrx_word' id='word_1_169' title='bbox 501 2232 580 2296; x_wconf 90' lang='lat' dir='ltr'>ducis</span> <span class='ocrx_word' id='word_1_170' title='bbox 591 2232 752 2315; x_wconf 81' lang='lat' dir='ltr'>Burgundie</span> <span class='ocrx_word' id='word_1_171' title='bbox 762 2232 838 2315; x_wconf 91' lang='lat' dir='ltr'>quod</span> <span class='ocrx_word' id='word_1_172' title='bbox 853 2232 1023 2298; x_wconf 85' lang='lat' dir='ltr'>deliberaret</span> <span class='ocrx_word' id='word_1_173' title='bbox 1037 2234 1116 2310; x_wconf 85' lang='lat' dir='ltr'>dom⁰</span> <span class='ocrx_word' id='word_1_174' title='bbox 1131 2233 1260 2316; x_wconf 81' lang='lat' dir='ltr'>delphino</span> <span class='ocrx_word' id='word_1_175' title='bbox 1269 2230 1336 2296; x_wconf 85' lang='lat' dir='ltr'>Vien-</span> <span class='ocrx_word' id='word_1_176' title='bbox 1400 2267 1401 2304; x_wconf 56' lang='lat'>2</span> 
     </span>
     <span class='ocr_line' id='line_1_20' title="bbox 273 2321 1089 2414; baseline -0.002 -20"><span class='ocrx_word' id='word_1_177' title='bbox 273 2329 351 2394; x_wconf 80' lang='lat' dir='ltr'>nansi</span> <span class='ocrx_word' id='word_1_178' title='bbox 366 2329 542 2393; x_wconf 89' lang='lat' dir='ltr'>medietatem</span> <span class='ocrx_word' id='word_1_179' title='bbox 557 2329 640 2394; x_wconf 85' lang='lat' dir='ltr'>castri</span> <span class='ocrx_word' id='word_1_180' title='bbox 654 2329 691 2394; x_wconf 88' lang='lat' dir='ltr'>de</span> <span class='ocrx_word' id='word_1_181' title='bbox 707 2328 890 2414; x_wconf 87' lang='lat' dir='ltr'>Cologniaco.</span> <span class='ocrx_word' id='word_1_182' title='bbox 1087 2321 1089 2324; x_wconf 62' lang='grc'><strong>’</strong></span> 
     </span>
     <span class='ocr_line' id='line_1_21' title="bbox 319 2422 1401 2510; baseline -0.006 -20"><span class='ocrx_word' id='word_1_183' title='bbox 319 2447 405 2510; x_wconf 84' lang='lat'>¹057·</span> <span class='ocrx_word' id='word_1_184' title='bbox 419 2435 499 2503; x_wconf 84' lang='lat' dir='ltr'>Item,</span> <span class='ocrx_word' id='word_1_185' title='bbox 514 2427 602 2510; x_wconf 91' lang='lat' dir='ltr'>quod.</span> <span class='ocrx_word' id='word_1_186' title='bbox 618 2429 655 2492; x_wconf 88' lang='lat' dir='ltr'>al.</span> <span class='ocrx_word' id='word_1_187' title='bbox 678 2428 890 2490; x_wconf 88' lang='lat' dir='ltr'>instrumentum</span> <span class='ocrx_word' id='word_1_188' title='bbox 906 2425 951 2510; x_wconf 80' lang='lat' dir='ltr'>(ut</span> <span class='ocrx_word' id='word_1_189' title='bbox 976 2427 1061 2510; x_wconf 81' lang='lat'>989),</span> <span class='ocrx_word' id='word_1_190' title='bbox 1080 2426 1126 2490; x_wconf 89' lang='lat' dir='ltr'>die</span> <span class='ocrx_word' id='word_1_191' title='bbox 1141 2441 1225 2492; x_wconf 75' lang='lat' dir='ltr'>urvrua</span> <span class='ocrx_word' id='word_1_192' title='bbox 1250 2422 1335 2488; x_wconf 85' lang='lat' dir='ltr'>mensis</span> <span class='ocrx_word' id='word_1_193' title='bbox 1400 2461 1401 2500; x_wconf 57' lang='lat'>3</span> 
     </span>
     <span class='ocr_line' id='line_1_22' title="bbox 274 2521 1334 2608; baseline -0.006 -20"><span class='ocrx_word' id='word_1_194' title='bbox 274 2525 381 2608; x_wconf 82' lang='lat' dir='ltr'>aprilis,</span> <span class='ocrx_word' id='word_1_195' title='bbox 400 2525 546 2590; x_wconf 70' lang='lat' dir='ltr'>rennuens</span> <span class='ocrx_word' id='word_1_196' title='bbox 562 2525 721 2608; x_wconf 85' lang='lat' dir='ltr'>homagium</span> <span class='ocrx_word' id='word_1_197' title='bbox 736 2525 830 2608; x_wconf 83' lang='lat' dir='ltr'>ligium</span> <span class='ocrx_word' id='word_1_198' title='bbox 848 2525 993 2607; x_wconf 87' lang='lat' dir='ltr'>prestitum</span> <span class='ocrx_word' id='word_1_199' title='bbox 1009 2524 1090 2588; x_wconf 85' lang='lat' dir='ltr'>dom0</span> <span class='ocrx_word' id='word_1_200' title='bbox 1113 2539 1210 2588; x_wconf 88' lang='lat' dir='ltr'>nostro</span> <span class='ocrx_word' id='word_1_201' title='bbox 1223 2521 1334 2604; x_wconf 75' lang='lat' dir='ltr'>delphino</span> 
     </span>
     <span class='ocr_line' id='line_1_23' title="bbox 273 2619 1335 2704; baseline -0.003 -20"><span class='ocrx_word' id='word_1_202' title='bbox 273 2639 325 2704; x_wconf 86' lang='lat' dir='ltr'>per</span> <span class='ocrx_word' id='word_1_203' title='bbox 349 2621 555 2704; x_wconf 85' lang='lat' dir='ltr'>Fran(ciscum)</span> <span class='ocrx_word' id='word_1_204' title='bbox 580 2622 616 2684; x_wconf 88' lang='lat' dir='ltr'>de</span> <span class='ocrx_word' id='word_1_205' title='bbox 643 2630 745 2686; x_wconf 84' lang='lat' dir='ltr'>Sancto</span> <span class='ocrx_word' id='word_1_206' title='bbox 769 2628 910 2686; x_wconf 89' lang='lat' dir='ltr'>Germane</span> <span class='ocrx_word' id='word_1_207' title='bbox 932 2622 1120 2700; x_wconf 86' lang='lat' dir='ltr'>domicellum,</span> <span class='ocrx_word' id='word_1_208' title='bbox 1135 2622 1220 2684; x_wconf 89' lang='lat' dir='ltr'>lilium</span> <span class='ocrx_word' id='word_1_209' title='bbox 1236 2619 1335 2686; x_wconf 86' lang='lat' dir='ltr'>condam</span> 
     </span>
     <span class='ocr_line' id='line_1_24' title="bbox 275 2717 1401 2795; baseline 0.005 -15"><span class='ocrx_word' id='word_1_210' title='bbox 275 2717 350 2780; x_wconf 73' lang='lat' dir='ltr'>dom¹</span> <span class='ocrx_word' id='word_1_211' title='bbox 364 2718 462 2782; x_wconf 73' lang='lat' dir='ltr'>iacobi</span> <span class='ocrx_word' id='word_1_212' title='bbox 476 2718 512 2782; x_wconf 91' lang='lat' dir='ltr'>de</span> <span class='ocrx_word' id='word_1_213' title='bbox 529 2725 632 2782; x_wconf 87' lang='lat' dir='ltr'>Sancto</span> <span class='ocrx_word' id='word_1_214' title='bbox 649 2726 801 2783; x_wconf 88' lang='lat' dir='ltr'>Germano.</span> <span class='ocrx_word' id='word_1_215' title='bbox 1400 2761 1401 2795; x_wconf 78' lang='lat'>,</span> 
     </span>
     <span class='ocr_line' id='line_1_25' title="bbox 318 2814 1334 2899; baseline -0.002 -21"><span class='ocrx_word' id='word_1_216' title='bbox 318 2815 404 2896; x_wconf 79' lang='lat'>1058.</span> <span class='ocrx_word' id='word_1_217' title='bbox 429 2821 509 2891; x_wconf 81' lang='lat' dir='ltr'>item,</span> <span class='ocrx_word' id='word_1_218' title='bbox 535 2815 620 2896; x_wconf 87' lang='lat' dir='ltr'>qued.</span> <span class='ocrx_word' id='word_1_219' title='bbox 648 2816 739 2880; x_wconf 85' lang='lat' dir='ltr'>littera</span> <span class='ocrx_word' id='word_1_220' title='bbox 764 2815 875 2880; x_wconf 89' lang='lat' dir='ltr'>duobus</span> <span class='ocrx_word' id='word_1_221' title='bbox 892 2817 987 2899; x_wconf 87' lang='lat' dir='ltr'>sigillis</span> <span class='ocrx_word' id='word_1_222' title='bbox 1018 2817 1047 2880; x_wconf 88' lang='lat' dir='ltr'>in</span> <span class='ocrx_word' id='word_1_223' title='bbox 1070 2815 1203 2898; x_wconf 87' lang='lat' dir='ltr'>pendenti</span> <span class='ocrx_word' id='word_1_224' title='bbox 1225 2814 1334 2897; x_wconf 85' lang='lat' dir='ltr'>sigillata,</span> 
     </span>
     <span class='ocr_line' id='line_1_26' title="bbox 219 2908 1401 2996; baseline -0.003 -20"><span class='ocrx_word' id='word_1_225' title='bbox 219 2919 224 2928; x_wconf 84' lang='grc'><strong>’</strong></span> <span class='ocrx_word' id='word_1_226' title='bbox 274 2913 378 2994; x_wconf 88' lang='lat' dir='ltr'>scripta</span> <span class='ocrx_word' id='word_1_227' title='bbox 392 2932 475 2974; x_wconf 89' lang='lat' dir='ltr'>manu</span> <span class='ocrx_word' id='word_1_228' title='bbox 490 2912 628 2976; x_wconf 89' lang='lat' dir='ltr'>Guillelmi</span> <span class='ocrx_word' id='word_1_229' title='bbox 643 2913 719 2978; x_wconf 86' lang='lat' dir='ltr'>dicto</span> <span class='ocrx_word' id='word_1_230' title='bbox 734 2913 901 2977; x_wconf 87' lang='lat' dir='ltr'>Chavallons</span> <span class='ocrx_word' id='word_1_231' title='bbox 916 2914 952 2976; x_wconf 93' lang='lat' dir='ltr'>de</span> <span class='ocrx_word' id='word_1_232' title='bbox 964 2913 1074 2978; x_wconf 86' lang='lat' dir='ltr'>Cusello</span> <span class='ocrx_word' id='word_1_233' title='bbox 1094 2914 1196 2980; x_wconf 88' lang='lat' dir='ltr'>notarii</span> <span class='ocrx_word' id='word_1_234' title='bbox 1210 2913 1282 2996; x_wconf 91' lang='lat' dir='ltr'>publ.</span> <span class='ocrx_word' id='word_1_235' title='bbox 1295 2908 1335 2974; x_wconf 88' lang='lat' dir='ltr'>sub</span> <span class='ocrx_word' id='word_1_236' title='bbox 1400 2953 1401 2992; x_wconf 57' lang='lat'>3</span> 
     </span>
     <span class='ocr_line' id='line_1_27' title="bbox 275 3004 1401 3100; baseline -0.003 -27"><span class='ocrx_word' id='word_1_237' title='bbox 275 3030 348 3073; x_wconf 88' lang='lat' dir='ltr'>auno</span> <span class='ocrx_word' id='word_1_238' title='bbox 365 3010 420 3072; x_wconf 85' lang='lat' dir='ltr'>Diri</span> <span class='ocrx_word' id='word_1_239' title='bbox 435 3015 648 3088; x_wconf 84' lang='lat' dir='ltr'>M⁰ccc⁰xv1⁰,</span> <span class='ocrx_word' id='word_1_240' title='bbox 667 3010 712 3073; x_wconf 91' lang='lat' dir='ltr'>die</span> <span class='ocrx_word' id='word_1_241' title='bbox 737 3025 758 3071; x_wconf 79' lang='lat'>1³</span> <span class='ocrx_word' id='word_1_242' title='bbox 782 3011 886 3074; x_wconf 86' lang='lat' dir='ltr'>mensis</span> <span class='ocrx_word' id='word_1_243' title='bbox 912 3011 1075 3089; x_wconf 88' lang='lat' dir='ltr'>novenbris,</span> <span class='ocrx_word' id='word_1_244' title='bbox 1105 3004 1335 3100; x_wconf 83' lang='lat' dir='ltr'>continensquol</span> <span class='ocrx_word' id='word_1_245' title='bbox 1400 3059 1401 3088; x_wconf 77' lang='lat'>,</span> 
     </span>
     <span class='ocr_line' id='line_1_28' title="bbox 274 3109 1335 3192; baseline -0.004 -18"><span class='ocrx_word' id='word_1_246' title='bbox 274 3109 505 3174; x_wconf 67' lang='lat' dir='ltr'>demaenetum</span> <span class='ocrx_word' id='word_1_247' title='bbox 533 3109 568 3172; x_wconf 92' lang='lat' dir='ltr'>de</span> <span class='ocrx_word' id='word_1_248' title='bbox 596 3117 692 3174; x_wconf 85' lang='lat' dir='ltr'>Monte</span> <span class='ocrx_word' id='word_1_249' title='bbox 717 3110 864 3192; x_wconf 77' lang='lat' dir='ltr'>Luppello,</span> <span class='ocrx_word' id='word_1_250' title='bbox 893 3109 1006 3174; x_wconf 89' lang='lat' dir='ltr'>domina</span> <span class='ocrx_word' id='word_1_251' title='bbox 1033 3111 1068 3174; x_wconf 90' lang='lat' dir='ltr'>de</span> <span class='ocrx_word' id='word_1_252' title='bbox 1084 3111 1208 3188; x_wconf 87' lang='lat' dir='ltr'>Cusello,</span> <span class='ocrx_word' id='word_1_253' title='bbox 1230 3109 1335 3174; x_wconf 76' lang='lat' dir='ltr'>cortou</span> 
     </span>
     <span class='ocr_line' id='line_1_29' title="bbox 274 3204 1401 3291; baseline -0.005 -20"><span class='ocrx_word' id='word_1_254' title='bbox 274 3208 326 3272; x_wconf 84' lang='lat' dir='ltr'>luit</span> <span class='ocrx_word' id='word_1_255' title='bbox 345 3227 376 3271; x_wconf 90' lang='lat' dir='ltr'>se</span> <span class='ocrx_word' id='word_1_256' title='bbox 401 3207 506 3270; x_wconf 86' lang='lat' dir='ltr'>debere</span> <span class='ocrx_word' id='word_1_257' title='bbox 533 3227 568 3270; x_wconf 85' lang='lat' dir='ltr'>ex</span> <span class='ocrx_word' id='word_1_258' title='bbox 586 3227 671 3271; x_wconf 85' lang='lat' dir='ltr'>causa</span> <span class='ocrx_word' id='word_1_259' title='bbox 694 3209 783 3271; x_wconf 90' lang='lat' dir='ltr'>mutui</span> <span class='ocrx_word' id='word_1_260' title='bbox 803 3209 838 3270; x_wconf 89' lang='lat' dir='ltr'>ill¹</span> <span class='ocrx_word' id='word_1_261' title='bbox 865 3208 982 3291; x_wconf 88' lang='lat' dir='ltr'>principi</span> <span class='ocrx_word' id='word_1_262' title='bbox 1001 3209 1081 3271; x_wconf 78' lang='lat' dir='ltr'>dom&#39;</span> <span class='ocrx_word' id='word_1_263' title='bbox 1095 3209 1213 3273; x_wconf 74' lang='lat' dir='ltr'>iohanni</span> <span class='ocrx_word' id='word_1_264' title='bbox 1227 3204 1335 3288; x_wconf 82' lang='lat' dir='ltr'>delphine</span> <span class='ocrx_word' id='word_1_265' title='bbox 1400 3249 1401 3282; x_wconf 68' lang='lat'>,</span> 
     </span>
     <span class='ocr_line' id='line_1_30' title="bbox 276 3306 1401 3390; baseline -0.01 -20"><span class='ocrx_word' id='word_1_266' title='bbox 276 3307 427 3371; x_wconf 88' lang='lat' dir='ltr'>Viennensi</span> <span class='ocrx_word' id='word_1_267' title='bbox 450 3310 502 3371; x_wconf 83' lang='lat' dir='ltr'>lllc</span> <span class='ocrx_word' id='word_1_268' title='bbox 515 3307 600 3370; x_wconf 86' lang='lat' dir='ltr'>libras</span> <span class='ocrx_word' id='word_1_269' title='bbox 614 3306 751 3371; x_wconf 84' lang='lat' dir='ltr'>bonorum</span> <span class='ocrx_word' id='word_1_270' title='bbox 767 3314 911 3371; x_wconf 83' lang='lat' dir='ltr'>Toronen.</span> <span class='ocrx_word' id='word_1_271' title='bbox 930 3325 1160 3390; x_wconf 88' lang='lat' dir='ltr'>parvorum‚.pro</span> <span class='ocrx_word' id='word_1_272' title='bbox 1175 3307 1270 3389; x_wconf 90' lang='lat' dir='ltr'>quibus</span> <span class='ocrx_word' id='word_1_273' title='bbox 1289 3311 1336 3364; x_wconf 92' lang='lat' dir='ltr'>erat</span> <span class='ocrx_word' id='word_1_274' title='bbox 1400 3343 1401 3378; x_wconf 55' lang='lat'>3</span> 
     </span>
     <span class='ocr_line' id='line_1_31' title="bbox 275 3404 1401 3488; baseline -0.004 -20"><span class='ocrx_word' id='word_1_275' title='bbox 275 3405 423 3486; x_wconf 77' lang='lat' dir='ltr'>fidejussor</span> <span class='ocrx_word' id='word_1_276' title='bbox 437 3418 466 3468; x_wconf 91' lang='lat' dir='ltr'>et</span> <span class='ocrx_word' id='word_1_277' title='bbox 475 3405 634 3488; x_wconf 91' lang='lat' dir='ltr'>principalis</span> <span class='ocrx_word' id='word_1_278' title='bbox 650 3405 757 3468; x_wconf 85' lang='lat' dir='ltr'>solutor</span> <span class='ocrx_word' id='word_1_279' title='bbox 770 3411 782 3465; x_wconf 84' lang='lat' dir='ltr'>J</span> <span class='ocrx_word' id='word_1_280' title='bbox 786 3405 910 3468; x_wconf 87' lang='lat' dir='ltr'>ohannes</span> <span class='ocrx_word' id='word_1_281' title='bbox 920 3404 956 3466; x_wconf 86' lang='lat' dir='ltr'>de</span> <span class='ocrx_word' id='word_1_282' title='bbox 971 3413 1067 3466; x_wconf 85' lang='lat' dir='ltr'>Monte</span> <span class='ocrx_word' id='word_1_283' title='bbox 1082 3404 1227 3485; x_wconf 85' lang='lat' dir='ltr'>Luppello.</span> <span class='ocrx_word' id='word_1_284' title='bbox 1400 3453 1401 3456; x_wconf 63' lang='lat'>,</span> 
     </span>
     <span class='ocr_line' id='line_1_32' title="bbox 322 3492 1401 3586; baseline -0.01 -22"><span class='ocrx_word' id='word_1_285' title='bbox 322 3521 406 3586; x_wconf 84' lang='lat'>¹⁰59·</span> <span class='ocrx_word' id='word_1_286' title='bbox 425 3510 505 3580; x_wconf 85' lang='lat' dir='ltr'>Item,</span> <span class='ocrx_word' id='word_1_287' title='bbox 529 3501 615 3584; x_wconf 86' lang='lat' dir='ltr'>qued.</span> <span class='ocrx_word' id='word_1_288' title='bbox 638 3502 730 3564; x_wconf 83' lang='lat' dir='ltr'>littera</span> <span class='ocrx_word' id='word_1_289' title='bbox 741 3501 832 3584; x_wconf 87' lang='lat' dir='ltr'>sigillo</span> <span class='ocrx_word' id='word_1_290' title='bbox 844 3501 950 3566; x_wconf 90' lang='lat' dir='ltr'>domini</span> <span class='ocrx_word' id='word_1_291' title='bbox 963 3501 999 3564; x_wconf 91' lang='lat' dir='ltr'>de</span> <span class='ocrx_word' id='word_1_292' title='bbox 1010 3501 1120 3564; x_wconf 88' lang='lat' dir='ltr'>Vilariis</span> <span class='ocrx_word' id='word_1_293' title='bbox 1135 3501 1164 3562; x_wconf 93' lang='lat' dir='ltr'>in</span> <span class='ocrx_word' id='word_1_294' title='bbox 1177 3495 1300 3582; x_wconf 90' lang='lat' dir='ltr'>pendenti</span> <span class='ocrx_word' id='word_1_295' title='bbox 1310 3492 1336 3554; x_wconf 88' lang='lat' dir='ltr'>si·</span> <span class='ocrx_word' id='word_1_296' title='bbox 1400 3535 1401 3572; x_wconf 66' lang='lat'>,</span> 
     </span>
     <span class='ocr_line' id='line_1_33' title="bbox 276 3591 1334 3682; baseline -0.01 -20"><span class='ocrx_word' id='word_1_297' title='bbox 276 3593 381 3682; x_wconf 74' lang='lat' dir='ltr'>gillam,</span> <span class='ocrx_word' id='word_1_298' title='bbox 406 3601 510 3681; x_wconf 86' lang='lat' dir='ltr'>scripta</span> <span class='ocrx_word' id='word_1_299' title='bbox 533 3599 586 3660; x_wconf 95' lang='lat' dir='ltr'>sub</span> <span class='ocrx_word' id='word_1_300' title='bbox 601 3619 676 3661; x_wconf 89' lang='lat' dir='ltr'>anno</span> <span class='ocrx_word' id='word_1_301' title='bbox 703 3599 757 3660; x_wconf 81' lang='lat' dir='ltr'>uni</span> <span class='ocrx_word' id='word_1_302' title='bbox 785 3597 1003 3674; x_wconf 78' lang='lat' dir='ltr'><strong>M⁰CCC⁶XXX,</strong></span> <span class='ocrx_word' id='word_1_303' title='bbox 1019 3597 1165 3661; x_wconf 88' lang='lat' dir='ltr'>continens</span> <span class='ocrx_word' id='word_1_304' title='bbox 1188 3594 1261 3678; x_wconf 89' lang='lat' dir='ltr'>quod</span> <span class='ocrx_word' id='word_1_305' title='bbox 1274 3591 1334 3653; x_wconf 88' lang='lat' dir='ltr'>dem.</span> 
     </span>
     <span class='ocr_line' id='line_1_34' title="bbox 280 3689 1401 3779; baseline -0.006 -21"><span class='ocrx_word' id='word_1_306' title='bbox 280 3696 449 3760; x_wconf 85' lang='lat' dir='ltr'>Humbertus</span> <span class='ocrx_word' id='word_1_307' title='bbox 462 3697 498 3758; x_wconf 87' lang='lat' dir='ltr'>de</span> <span class='ocrx_word' id='word_1_308' title='bbox 510 3694 619 3759; x_wconf 77' lang='lat' dir='ltr'>vileriis</span> <span class='ocrx_word' id='word_1_309' title='bbox 632 3697 777 3768; x_wconf 77' lang='lat' dir='ltr'>coufessus</span> <span class='ocrx_word' id='word_1_310' title='bbox 793 3695 872 3779; x_wconf 78' lang='lat' dir='ltr'>(fuit)</span> <span class='ocrx_word' id='word_1_311' title='bbox 886 3696 1016 3758; x_wconf 81' lang='lat' dir='ltr'>babuisse</span> <span class='ocrx_word' id='word_1_312' title='bbox 1030 3715 1046 3758; x_wconf 93' lang='lat' dir='ltr'>a</span> <span class='ocrx_word' id='word_1_313' title='bbox 1061 3695 1140 3758; x_wconf 85' lang='lat' dir='ltr'>dom⁰</span> <span class='ocrx_word' id='word_1_314' title='bbox 1160 3691 1283 3774; x_wconf 91' lang='lat' dir='ltr'>dalphino</span> <span class='ocrx_word' id='word_1_315' title='bbox 1298 3701 1336 3768; x_wconf 84' lang='lat' dir='ltr'>per</span> <span class='ocrx_word' id='word_1_316' title='bbox 1400 3689 1401 3776; x_wconf 45' lang='lat' dir='ltr'>l</span> 
     </span>
     <span class='ocr_line' id='line_1_35' title="bbox 276 3787 1334 3877; baseline -0.009 -23"><span class='ocrx_word' id='word_1_317' title='bbox 276 3813 391 3856; x_wconf 89' lang='lat' dir='ltr'>manum</span> <span class='ocrx_word' id='word_1_318' title='bbox 410 3793 485 3854; x_wconf 76' lang='lat' dir='ltr'>dom</span> <span class='ocrx_word' id='word_1_319' title='bbox 503 3793 639 3856; x_wconf 83' lang='lat' dir='ltr'>Guillelmi</span> <span class='ocrx_word' id='word_1_320' title='bbox 668 3793 703 3856; x_wconf 89' lang='lat' dir='ltr'>de</span> <span class='ocrx_word' id='word_1_321' title='bbox 732 3801 832 3877; x_wconf 84' lang='lat' dir='ltr'>Roytto</span> <span class='ocrx_word' id='word_1_322' title='bbox 854 3792 957 3870; x_wconf 90' lang='lat' dir='ltr'>militis,</span> <span class='ocrx_word' id='word_1_323' title='bbox 977 3791 1090 3876; x_wconf 84' lang='lat' dir='ltr'>bayllivi</span> <span class='ocrx_word' id='word_1_324' title='bbox 1106 3804 1181 3854; x_wconf 89' lang='lat' dir='ltr'>terre</span> <span class='ocrx_word' id='word_1_325' title='bbox 1202 3787 1298 3860; x_wconf 86' lang='lat' dir='ltr'>Turris,</span> <span class='ocrx_word' id='word_1_326' title='bbox 1312 3792 1334 3844; x_wconf 66' lang='grc' dir='ltr'>ι’</span> 
     </span>
     <span class='ocr_line' id='line_1_36' title="bbox 279 3882 1401 3973; baseline -0.012 -21"><span class='ocrx_word' id='word_1_327' title='bbox 279 3890 364 3952; x_wconf 91' lang='lat' dir='ltr'>libras</span> <span class='ocrx_word' id='word_1_328' title='bbox 377 3908 537 3971; x_wconf 90' lang='lat' dir='ltr'>grossorum</span> <span class='ocrx_word' id='word_1_329' title='bbox 554 3897 698 3953; x_wconf 88' lang='lat' dir='ltr'>Turonen.</span> <span class='ocrx_word' id='word_1_330' title='bbox 713 3890 831 3973; x_wconf 83' lang='lat' dir='ltr'>argenti,</span> <span class='ocrx_word' id='word_1_331' title='bbox 843 3889 988 3972; x_wconf 87' lang='lat' dir='ltr'>dequibus</span> <span class='ocrx_word' id='word_1_332' title='bbox 999 3889 1103 3953; x_wconf 92' lang='lat' dir='ltr'>dictum</span> <span class='ocrx_word' id='word_1_333' title='bbox 1113 3882 1335 3966; x_wconf 82' lang='lat' dir='ltr'>domdalphinum</span> <span class='ocrx_word' id='word_1_334' title='bbox 1400 3887 1401 3972; x_wconf 57' lang='lat' dir='ltr'>q</span> 
     </span>
     <span class='ocr_line' id='line_1_37' title="bbox 280 3985 679 4068; baseline 0.005 -20"><span class='ocrx_word' id='word_1_335' title='bbox 280 3985 368 4049; x_wconf 87' lang='lat' dir='ltr'>solvit</span> <span class='ocrx_word' id='word_1_336' title='bbox 382 3999 410 4050; x_wconf 83' lang='lat' dir='ltr'>et</span> <span class='ocrx_word' id='word_1_337' title='bbox 423 3986 550 4068; x_wconf 83' lang='lat' dir='ltr'>quittavit</span> <span class='ocrx_word' id='word_1_338' title='bbox 560 3988 679 4068; x_wconf 89' lang='lat' dir='ltr'>penitus.</span> 
     </span>
    </p>
   </div>
   <div class='ocr_carea' id='block_1_5' title="bbox 323 4185 830 4264">
    <p class='ocr_par' dir='ltr' id='par_1_5' title="bbox 323 4185 830 4264">
     <span class='ocr_line' id='line_1_38' title="bbox 323 4185 830 4264; baseline -0.006 -17"><span class='ocrx_word' id='word_1_339' title='bbox 323 4207 344 4247; x_wconf 86' lang='grc' dir='ltr'>ι.</span> <span class='ocrx_word' id='word_1_340' title='bbox 360 4185 400 4248; x_wconf 79' lang='lat' dir='ltr'>lin</span> <span class='ocrx_word' id='word_1_341' title='bbox 413 4206 446 4246; x_wconf 89' lang='lat' dir='ltr'>m.</span> <span class='ocrx_word' id='word_1_342' title='bbox 461 4187 561 4248; x_wconf 82' lang='lat' dir='ltr'>Sciatur</span> <span class='ocrx_word' id='word_1_343' title='bbox 575 4188 595 4246; x_wconf 90' lang='lat' dir='ltr'>si</span> <span class='ocrx_word' id='word_1_344' title='bbox 608 4187 666 4246; x_wconf 87' lang='lat' dir='ltr'>lecit</span> <span class='ocrx_word' id='word_1_345' title='bbox 676 4187 830 4264; x_wconf 83' lang='lat' dir='ltr'>homagium.</span> 
     </span>
    </p>
   </div>
   <div class='ocr_carea' id='block_1_6' title="bbox 0 0 1435 4900">
    <p class='ocr_par' dir='ltr' id='par_1_6' title="bbox 0 0 1435 4900">
     <span class='ocr_line' id='line_1_39' title="bbox 0 0 1435 4900; baseline 0 0"><span class='ocrx_word' id='word_1_346' title='bbox 0 0 1435 4900; x_wconf 95' lang='lat' dir='ltr'> </span> 
     </span>
    </p>
   </div>
  </div>
 </body>
</html>
