2936 4898
586 427 741 490 ..„..

136 536 272 599 diesabati
285 551 349 618 post
360 539 555 602 hssancionern
578 538 699 616 Domini,
718 553 844 602 emanare
860 541 1017 620 amagistro
1036 550 1154 624 Hugone
1163 544 1198 606 de

136 632 216 694 sonis
235 631 346 695 officiali
364 634 481 712 vienne,
498 633 672 698 continentes
686 635 826 716 quoddam
841 637 1069 716 compromissum
1095 640 1197 702 factum

134 729 197 790 inter
206 729 329 792 nobilem
348 731 436 793 virum
452 733 624 807 Drodonem,
639 733 780 795 dominum
794 732 829 796 de
845 735 923 796 Bello
939 735 1051 813 Videre,
1084 755 1117 798 ex
1143 755 1197 800 una

78 847 81 856 ·
134 841 204 907 parte
218 841 247 890 et
260 828 337 890 dom.
349 830 522 892 Jacohumde
532 830 600 894 Villa
609 837 689 892 Nova
701 831 890 912 exaliasuper
903 832 1068 912 quibusdam
1086 833 1193 910 amicis,

134 938 158 985 et
170 925 364 1004 pronunciatio
378 926 451 988 iacta
472 927 544 990 inter
562 927 636 1008 ipsas
657 941 751 1008 partes
767 946 851 1009 super
869 929 1042 1008 juridictione
1068 929 1132 992 ville
1160 929 1195 993 de

86 1055 88 1062 ·
133 1021 243 1098 lanino,
259 1021 377 1103 sigillare
387 1040 434 1086 sex
452 1023 546 1104 sigillis
558 1022 586 1085 in
602 1023 744 1103 pendenti.
791 1086 803 1111 χ

168 1124 233 1196 276.
251 1127 333 1194 Item,
345 1120 431 1200 quod.
442 1119 480 1182 al.
498 1120 707 1182 instrumentum
722 1120 854 1200 scriptum
863 1122 1038 1202 manuGuig.
1057 1123 1198 1185 Frumenti

134 1217 225 1277 notarii
237 1215 330 1296 publ,
351 1215 404 1278 sub
421 1236 494 1278 anno
514 1217 569 1278 Diri
584 1221 848 1293 tr⁰ccc⁰xxxlx⁰‚
872 1217 956 1280 indic.
977 1232 1038 1296 virt,
1065 1219 1110 1282 die
1129 1232 1197 1280 ιιιιιι1

133 1313 226 1374 mensu
240 1312 346 1392 aprilis,
354 1313 499 1376 continens
511 1314 739 1393 permutationem
749 1313 850 1376 iactam
862 1315 934 1378 inter
941 1315 1017 1377 dorn.
1034 1315 1194 1397 dalphinum

133 1422 157 1470 et
168 1409 243 1472 dom.
265 1417 412 1490 Hugonem
423 1409 460 1472 de
474 1409 617 1486 Gebenna‚
636 1410 671 1472 de
685 1420 778 1472 castro
792 1410 886 1474 Visilie
911 1425 939 1474 et
955 1411 1081 1492 plhribus
1096 1413 1195 1475 castris

131 1520 197 1568 terre
217 1506 387 1587 Fucigniarii
415 1525 477 1568 cum
505 1507 565 1569 aliis
587 1507 685 1570 castris
698 1520 772 1570 terre
787 1506 887 1585 Eride,
903 1527 957 1589 que
982 1509 1198 1590 permutationes

131 1603 470 1684 nonhreruntadimplete.

167 1719 233 1778 ²77·
251 1708 332 1774 Item,
348 1700 433 1781 quod.
446 1700 483 1762 al.
499 1700 709 1762 instrumentum
724 1701 767 1782 (ut
782 1700 864 1782 259),
879 1700 924 1762 die
938 1713 977 1762 nu
988 1709 1076 1764 mens.
1089 1702 1195 1779 marcii,

132 1798 269 1859 continens
288 1797 446 1877 homagium
460 1797 603 1879 prestitum
625 1815 676 1878 per
702 1788 842 1860 lintheum
856 1797 892 1860 de
910 1803 998 1860 Heres
1023 1797 1196 1861 domicellum

133 1890 202 1952 dom⁰
216 1891 360 1972 dalphino.

167 1991 233 2066 278.
247 1997 329 2066 Item,
344 1989 430 2071 quod.
446 1990 483 2052 al.
497 1989 707 2052 instrumentum
719 1981 762 2072 (ut
774 2007 790 2050 2
798 1989 858 2072 58),
868 1989 913 2052 die
926 2003 988 2052 ιιιιιΙ
998 2008 1086 2052 mens.
1099 1989 1194 2067 madii,

132 2087 269 2149 continens
285 2086 444 2167 homagium
459 2087 562 2149 facturn
577 2086 759 2168 pernobilem
776 2085 914 2162 helimam,
945 2087 1067 2149 relictam
1096 2087 1197 2150 Moloni

133 2184 296 2266 Qiusvenm
311 2183 389 2245 ἀοιιι0
398 2183 529 2263 delphino
543 2182 776 2264 etterminum(ut
790 2182 874 2263 263).
1025 2247 1028 2252 ,

155 2295 156 2298 ’
169 2299 232 2362 279.
254 2288 334 2357 ltem,
351 2280 437 2362 quod.
451 2281 488 2342 al.
498 2281 708 2342 instrumentum
723 2279 765 2360 (ut
775 2279 858 2361 258),
874 2278 958 2340 dieua
970 2277 1194 2358 mensjanuarii,

134 2379 270 2440 continens
284 2377 442 2457 homagium
462 2378 606 2458 prestitum
629 2396 679 2458 per
699 2375 819 2438 nobilem
837 2375 1010 2437 Guillelmum
1027 2376 1132 2438 Farreti
1162 2374 1197 2436 de

135 2479 223 2536 Casuo
234 2473 326 2554 Duplo
340 2473 452 2536 nornine
464 2488 564 2538 suoet
588 2494 638 2556 per
654 2481 808 2555 Jaymetum
826 2471 885 2552 ejus
899 2472 1010 2534 fratrem
1025 2472 1103 2534 dom⁰
1132 2471 1198 2534 dal-

135 2569 211 2648 phino
226 2583 255 2633 et
268 2570 416 2632 terminum
431 2570 473 2652 (ut
487 2571 558 2650 263)
569 2583 590 2631 ¹.

171 2667 233 2728 280.
249 2675 329 2743 item,
342 2667 428 2748 quod.
446 2667 482 2728 al.
504 2667 713 2729 instrumentum
727 2665 769 2746 (ut
784 2665 919 2749 printed),
939 2664 1083 2728 continens
1099 2666 1199 2726 homa-

136 2763 203 2842 gium
211 2765 310 2826 factum
324 2764 502 2844 pernobilem
516 2765 606 2826 virum
623 2762 699 2824 dom.
725 2769 836 2824 Petrum
861 2761 1005 2844 Raynaudi
1033 2761 1145 2824 militem
1170 2772 1198 2823 et

136 2861 271 2922 terminum
296 2861 494 2940 assignationis
526 2860 561 2922 ad
590 2858 846 2940 recognoscendum
877 2871 983 2920 certum
1006 2871 1116 2938 tempus
1143 2857 1196 2935 jann

138 2954 248 3034 elapsum
262 2978 271 3034 ;
284 2957 350 3020 item
365 2957 446 3018 etiam
459 2957 676 3037 recognitionem
698 2974 748 3036 per
760 2955 850 3036 ipsum
864 2955 939 3016 dom.
960 2961 1072 3016 Petrum
1097 2953 1197 3014 iactam

141 3051 169 3112 de
177 3053 253 3116 leudo
263 3067 291 3116 et
303 3054 333 3114 in
342 3053 454 3116 feudum
468 3054 591 3116 francum
607 3066 635 3116 et
653 3050 745 3114 nobile
764 3071 780 3112 a
804 3051 878 3113 dicto
901 3050 1043 3130 dalphino,
1063 3048 1154 3110 omnia
1171 3061 1199 3111 et

141 3147 298 3232 singulaque
310 3151 370 3231 ipse
386 3151 462 3213 dom.
480 3157 579 3214 Petrus
592 3149 686 3224 habet,
701 3162 779 3210 tenet
802 3162 829 3211 et
853 3148 978 3229 possidet
1002 3147 1046 3208 vel
1069 3146 1198 3226 aliuspro

142 3244 192 3324 ipso
206 3247 348 3321 incastus,
364 3247 559 3310 mandamento
584 3259 613 3308 et
633 3246 772 3309 territorio
789 3245 902 3307 Cabeoli
930 3244 958 3306 in
979 3243 1198 3324 quibuscumque

23 3407 24 3412 γ
142 3344 288 3420 consistant,
303 3345 383 3406 salvo
395 3344 471 3424 prius
488 3358 515 3406 et
525 3335 633 3406 retent‘o
644 3343 674 3404 in
682 3342 815 3423 predictis
828 3340 957 3420 homagio
971 3340 1000 3400 in
1012 3359 1068 3420 quo
1089 3351 1199 3401 tenetur

143 3437 207 3500 dom⁰
217 3448 336 3523 hymaro
348 3441 384 3502 de
403 3441 537 3504 Pictavia.

175 3537 235 3600 281.
252 3546 331 3614 item,
347 3537 434 3617 quod.
446 3537 483 3600 al.
498 3537 708 3602 instrumentum
721 3537 764 3618 (ut
779 3535 862 3618 263),
877 3534 1022 3597 continens
1042 3534 1198 3614 homagium

140 3631 228 3696 lactum
241 3656 291 3716 per
309 3635 492 3698 llumbertum
504 3631 591 3714 Bajuli
607 3636 642 3696 de
658 3634 780 3696 Cabeolo
795 3647 823 3696 et
837 3631 983 3696 terminum
998 3631 1041 3710 (ut
1052 3630 1113 3716 ibt).

176 3727 1196 3813 28'2.Itemquod.al.instrumenrum(utz58),(dierr³?)mens.ianuarii‚

140 3829 280 3892 continens
289 3829 448 3910 homagium
461 3830 602 3909 prestitum
616 3848 667 3909 per
682 3827 848 3910 Reyneriutn
870 3827 1005 3890 Berlionis
1021 3826 1199 3888 domicellum

142 3921 171 3984 de
184 3926 299 4007 Payrino
313 3926 391 3988 dom⁰
405 3926 536 4006 delphino
553 3939 580 3988 et
592 3925 742 3988 terminum
750 3925 954 4004 recognitionis
967 3923 1006 4005 (l,
1018 3936 1045 3985 ut
1061 3922 1142 4002 κός).

176 4144 194 4181 ι.
209 4129 245 4183 En
258 4149 289 4186 m.
305 4130 340 4184 Aa
354 4128 465 4184 Cabeoli.
