2936 4898
599 469 737 528 ,9-

130 595 156 643 et
170 583 330 662 possidebat
339 583 367 644 in
380 595 439 644 tota
449 595 523 642 terra
538 581 677 658 hlvernie,
696 601 759 642 cum
773 580 879 659 juribus
899 594 927 642 et
940 581 1112 662 pertinentiis
1135 583 1202 659 suis,

128 691 154 739 et
164 699 218 760 pro
233 679 362 760 predictis
376 679 450 740 idem
465 678 540 740 dom.
556 678 645 741 Guil¹¹s
664 677 926 758 Rogeriiconlessus
940 671 990 740 luit
1000 691 1028 740 et
1042 679 1205 760 recognovit

108 793 114 804 ’
130 775 253 856 predicta
263 777 354 837 omnia
369 790 397 838 et
407 775 518 857 singula
528 777 579 839 sibi
605 776 717 837 vendita
731 793 781 855 per
796 775 898 836 dictum
925 775 1001 835 dom.
1030 774 1202 854 dalphinum,

130 891 180 934 nec
193 891 251 933 non
263 887 291 933 et
306 871 456 954 pedagium
477 872 512 934 de
533 872 635 934 Brollio
652 891 683 934 se
698 885 794 933 tenere
811 883 838 932 et
860 883 957 933 tenere
975 871 1047 932 velle
1060 884 1088 933 et
1109 885 1206 934 tenere

129 969 230 1030 debere
242 969 349 1050 abipso
362 969 439 1031 dom.
456 969 587 1050 delphino
603 983 630 1032 et
643 969 700 1031 suis
718 967 966 1058 successoribus'in
984 981 1012 1030 et
1038 987 1121 1049 super
1151 970 1204 1033 hoc

129 1062 163 1122 ab
178 1063 239 1142 ipso
253 1079 365 1124 causam
377 1061 542 1126 habentibus
557 1063 586 1124 in
599 1063 723 1138 ieudum,
740 1081 802 1124 cum
818 1061 900 1124 unico
915 1062 1044 1144 homagio
1062 1061 1206 1127 dumtaxat

130 1171 157 1219 et
169 1157 309 1220 fidelitatis
323 1159 419 1219 debito
433 1159 587 1237 juramento
599 1179 606 1236 ;
625 1179 676 1239 pro
690 1159 758 1238 ipsis
770 1157 899 1220 omnibus
912 1171 941 1219 et
954 1158 1069 1239 singulis
1084 1158 1204 1222 venditis

131 1274 180 1317 nec
200 1272 258 1316 non
281 1269 310 1316 et
332 1254 457 1334 predicto
474 1255 593 1337 pedagio
607 1256 643 1316 de
662 1255 765 1316 Brollio
781 1255 900 1336 predict.
919 1255 1076 1337 homagium
1093 1255 1203 1319 unicum

130 1353 192 1413 lecit
205 1366 233 1413 et
251 1351 371 1432 prestitit
384 1351 459 1412 dicto
478 1351 554 1414 dom.
571 1351 713 1432 delphino,
730 1365 812 1432 prout
826 1351 950 1432 predicta
965 1363 993 1413 et
1007 1351 1085 1432 plura
1105 1353 1156 1414 alia
1176 1353 1204 1414 in

131 1449 188 1530 ipso
202 1449 387 1510 instrumento
402 1447 510 1528 plenius
520 1447 707 1510 continentur.

170 1565 215 1624 3⁰·
235 1555 315 1622 ltem,
327 1547 413 1627 quod.
430 1547 642 1608 instrumentum
651 1546 753 1608 lactum
766 1563 817 1624 per
830 1545 983 1607 iohannem
999 1544 1129 1622 Nicoleti,
1153 1545 1204 1608 sub

130 1661 199 1705 anno
217 1643 272 1714 Diti
291 1651 566 1718 M⁰CCC¹1¹⁰XXXV⁰‚
584 1644 690 1705 die'xvt
707 1641 809 1704 mensis
826 1641 929 1723 aprilis,
956 1642 1102 1705 continens
1128 1643 1204 1723 quod

130 1741 202 1801 dom.
218 1740 488 1820 ludovicusjunior,
503 1759 597 1803 comes
612 1740 647 1802 de
665 1741 844 1820 Contingent,
868 1740 975 1820 legatus
991 1759 1007 1800 a
1029 1739 1204 1802 serenissimo

130 1837 252 1918 principe
267 1838 343 1899 dom.
360 1837 502 1900 Ludovico
518 1845 705 1902 Romanorum
729 1837 908 1918 imperatore,
922 1835 998 1898 dedit
1015 1835 1093 1897 dom⁰
1115 1843 1206 1898 Hum-

131 1933 207 1995 berto
217 1933 361 2014 delphino,
373 1953 424 2016 pro
439 1954 470 1996 se
482 1948 510 1996 et
518 1933 726 1996 successoribus
740 1933 798 1996 suis
809 1933 963 2013 recipienti,
976 1951 1091 2012 regnum
1100 1932 1206 1996 vienne

130 2049 189 2092 cum
203 2032 309 2110 juribus
326 2045 354 2093 et
368 2031 545 2112 pertinenciis
556 2031 624 2106 suis,
638 2045 665 2092 et
682 2030 812 2112 quicquid
826 2030 902 2091 dom.
917 2029 1068 2110 imperator
1084 2029 1205 2093 habebat

131 2142 156 2191 et
171 2130 221 2192 sibi
229 2143 390 2210 competere
404 2141 514 2210 poterat
527 2129 597 2190 inira
612 2147 727 2210 regnum
740 2127 905 2209 predictum.

171 2244 216 2302 3¹·
239 2235 320 2302 ltem,
346 2226 430 2307 qued.
458 2227 547 2289 littera
570 2227 605 2287 ab
629 2226 690 2307 ipso
712 2227 879 2307 imperatore
902 2225 1046 2287 Ludovico
1071 2243 1205 2287 concessa
1268 2261 1275 2278 ·

131 2341 200 2386 anno
221 2325 278 2385 Dni
302 2329 551 2398 M⁰CCC⁰XXXV⁰‚
572 2323 717 2388 continens
734 2323 808 2404 quod
835 2324 895 2403 ipse
922 2322 1087 2385 ratiificabat
1114 2323 1206 2385 omnia

130 2435 218 2500 pacta,
230 2423 438 2485 convenciones
454 2437 482 2484 et
496 2421 665 2484 donaciones
689 2422 776 2484 lactas
797 2421 875 2482 dom⁰
903 2420 1058 2482 Humberto
1074 2419 1204 2503 delphino

131 2537 177 2600 per
190 2520 268 2581 dom.
282 2520 454 2581 Ludovicum
466 2519 612 2598 juniorem,
632 2517 761 2581 comitem
773 2518 809 2580 de
824 2518 983 2599 octingent.

351 2639 514 2683 nnrvruuorn
533 2637 725 2682 rneennronrs
744 2639 849 2683 neuoth
867 2639 984 2698 annrr.

167 2729 206 2784 32·
227 2711 326 2784 Primo,
342 2712 494 2786 privilegium
510 2711 633 2786 imperiale
647 2729 791 2768 concessum
805 2713 873 2769 dom.
890 2712 986 2770 Karolo
1001 2712 1119 2788 dalphino
1133 2711 1205 2769 Vien·

132 2802 204 2873 nemi,
230 2819 275 2874 per
297 2801 365 2874 quod
389 2800 468 2874 ipsum
491 2800 620 2857 constituit
639 2799 756 2856 vicarium
775 2801 910 2874 generalem
930 2801 953 2858 in
973 2811 1028 2858 toto
1043 2801 1205 2876 Delphinatu,

133 2889 281 2961 pertinentiis
294 2900 320 2945 et
335 2889 452 2946 limitibus
465 2890 525 2961 suis,
541 2899 592 2946 tam
607 2889 630 2946 in
646 2889 727 2946 causis
740 2889 937 2964 appellacionunt
951 2907 1026 2964 quant
1040 2889 1094 2946 aliis
1107 2888 1206 2963 quibus·

133 2995 233 3052 cumque
246 2975 340 3049 juribus
354 2986 379 3032 et
392 2976 588 3048 juridictionibus
603 2978 634 3034 ad
649 2977 728 3052 ipsum
744 2978 916 3051 imperatorem
931 2977 1100 3050 spectantibus
1121 2975 1144 3031 in
1166 2993 1206 3032 eo·

134 3064 183 3120 dem
198 3063 362 3137 Delphinatu,
379 3080 521 3120 concessum
536 3073 623 3132 (anno)
639 3066 676 3120 hl?
691 3065 769 3121 CCC·
784 3066 873 3122 LVll·.

168 3170 208 3225 33.
225 3153 286 3206 ltem
301 3150 456 3225 privilegium
471 3151 537 3208 aliud
552 3170 695 3208 eoncessum
710 3151 788 3207 eidem
803 3153 870 3207 dom.
886 3151 1005 3225 dalphino
1025 3168 1099 3225 super
1120 3149 1207 3206 confir·

135 3241 238 3297 natione
253 3249 408 3294 monetarum
422 3250 448 3295 et
462 3239 633 3313 pedagiorum,
650 3257 792 3295 concessum
807 3239 892 3295 eodem
907 3257 981 3294 anno.

169 3345 208 3400 34.
225 3329 296 3399 ltem,
313 3325 379 3384 aliud
396 3327 547 3401 privilegium
563 3345 706 3384 concessum
721 3325 797 3382 eidem
812 3328 879 3384 dom.
896 3326 1014 3398 dalphino
1028 3343 1101 3400 super
1119 3325 1207 3383 confir·

136 3414 238 3472 natione
256 3413 365 3488 generali
383 3432 593 3491 quorumcumque
608 3414 790 3488 privilegiorum
806 3415 863 3470 olim
878 3429 1051 3470 concessorum
1066 3413 1142 3469 domis
1156 3415 1207 3471 dal·

136 3500 211 3570 phinis
225 3501 350 3576 preteritis
366 3521 409 3575 per
423 3504 592 3559 Romanorum
608 3503 778 3576 imperatores,
795 3519 937 3560 concessum
951 3501 1037 3556 eodem
1052 3519 1126 3557 anno.

129 3605 132 3614 ·
172 3607 210 3662 35.
226 3593 296 3662 ltem,
313 3599 372 3645 sunt
386 3589 418 3646 ibi
433 3590 503 3664 copie
517 3591 563 3646 sub
577 3590 682 3647 vidimus
697 3591 830 3646 multorum
842 3579 1028 3664 'privilegiorum
1043 3589 1205 3664 imperalium,

178 3777 220 3850 36.
242 3783 321 3851 ltem,
338 3775 479 3856 quoddam
496 3775 636 3856 publicum
653 3774 864 3836 instrumentum
875 3774 1021 3856 sigillatum
1038 3776 1208 3855 impendenti

138 3869 241 3933 duobus
251 3873 358 3953 magnis
368 3871 474 3953 sigillis,
491 3872 575 3933 videl.
589 3872 661 3934 domi
677 3869 795 3952 Philippi
812 3871 861 3931 Dei
877 3871 964 3952 gratia
994 3879 1119 3934 Navarre
1135 3870 1207 3952 regis

139 3978 165 4025 et
188 3966 258 4027 domi
289 3969 435 4031 Humberti
462 3968 583 4049 dalphini
618 3969 792 4041 Viennensis,
825 3969 956 4050 scriptum
994 3987 1067 4031 anno
1098 3967 1206 4030 Domini

142 4067 371 4141 M⁰CCC⁰XXXV,
388 4065 538 4127 indictione
553 4081 606 4140 111³,
628 4065 730 4126 mensis
761 4065 870 4146 augusti
899 4065 945 4127 die
971 4085 1040 4138 xixa,
1069 4067 1205 4146 signatum

140 4160 260 4224 manibus
274 4163 419 4226 llumberti
435 4162 527 4238 Pilati,
543 4162 688 4226 Bertrandi
706 4163 859 4225 salamonis
871 4177 899 4225 et
916 4163 1045 4224 Richardi
1060 4163 1096 4224 de
1108 4171 1203 4236 vesto,
