2844 4900
572 459 834 544 ⁴·-roo-

213 575 355 656 Fihpensi,
370 575 422 638 sub
437 591 511 636 anno
528 568 963 649 onimtrcxu1110,xrkatend.
978 567 1119 644 febroarii,
1137 566 1281 630 continens

129 727 140 738 .
210 673 403 736 vendicionem
428 689 479 752 per
505 669 698 746 Guillelmum,
725 667 919 751 Raymundum
948 679 976 728 et
999 663 1231 748 Raymundetum·
1247 662 1283 726 de

212 771 368 833 Bucurione
387 769 487 831 iratres
507 765 640 850 Syboudo
657 765 692 828 de
712 771 897 841 castronovo,
919 762 955 826 de
971 761 1136 844 quibusdam
1154 759 1284 824 censibus

211 867 349 930 contentis
365 865 393 927 in
409 864 469 945 ipso
485 863 680 926 instmmento.

255 965 318 1046 506.
337 971 415 1039 Item,
431 961 517 1044 quod.
530 961 740 1023 instrumentum
755 978 837 1022 manu
853 957 937 1038 Guig.
957 956 1097 1020 Frumenti
1111 968 1170 1018 not.
1187 972 1285 1034 recep·
1341 981 1344 988 ·

95 1109 96 1112 ,
209 1077 280 1138 tum,
303 1062 356 1124 sub
379 1079 451 1122 anno
477 1059 531 1120 uni
555 1060 810 1131 ΜἫΙΕΧΧΧΗΙΙο,
833 1054 879 1118 die
899 1066 962 1116 vma
986 1051 1117 1132 januarii,
1139 1051 1286 1114 continens

210 1159 368 1240 homagium
391 1155 522 1218 Peroneti
547 1154 583 1216 de
608 1153 736 1234 Grangiis
759 1165 787 1215 et
810 1150 1031 1232 assignationem
1052 1147 1104 1212 sibi
1120 1148 1227 1212 iactam
1250 1147 1285 1210 ad

210 1255 452 1338 recognocendum
467 1254 521 1333 jam
538 1252 671 1332 elapsam.

256 1372 321 1434 507.
339 1359 418 1427 Item,
437 1349 523 1432 quod.
549 1347 626 1429 publ.
652 1347 862 1408 instrumentum
883 1356 1024 1424 receptum
1044 1356 1072 1406 et
1090 1341 1229 1422 signatum
1246 1341 1288 1422 (ut

208 1449 343 1532 procem),
371 1447 515 1509 continens
541 1443 699 1525 homagium
723 1441 817 1522 ligium
841 1439 984 1520 prestitum
996 1458 1046 1520 per
1060 1437 1236 1500 PeuIIverum
1252 1435 1287 1498 de

213 1543 423 1620 Monteorserio,
440 1541 581 1604 dominum
597 1538 732 1615 Peiaiolli,
749 1551 777 1600 et
788 1536 972 1599 terminum...

255 1643 319 1723 508.
338 1649 416 1717 Item,
432 1639 518 1722 quod.
538 1636 615 1719 publ.
634 1637 846 1700 instrumentum
866 1633 910 1715 (ut
932 1633 1012 1715 506),
1031 1633 1175 1696 continens
1191 1633 1289 1696 homa-

211 1740 286 1821 gium
310 1737 453 1821 prestitum
476 1736 553 1798 dom⁰
576 1733 706 1815 delphino
729 1752 779 1814 per
800 1730 972 1795 hrthaudum
993 1731 1028 1794 de
1050 1737 1152 1792 Serro¹
1178 1743 1208 1794 et
1226 1743 1288 1794 ter-

211 1837 352 1900 minum...

255 1953 320 2016 509.
348 1941 432 2008 Item,
457 1930 543 2012 quod.
567 1928 645 2011 publ.
667 1929 877 1991 instmmentum
893 1925 936 2007 (ut
959 1925 1042 2007 504),
1068 1924 1113 1986 die
1136 1940 1174 1988 xv
1195 1942 1286 1987 mens.

210 2029 336 2109 januarii,
362 2029 507 2091 continens
529 2027 686 2108 homagium
708 2026 801 2108 ligium
826 2016 904 2086 dom⁰
924 2023 1054 2105 dalphino
1075 2022 1219 2103 prestitum
1238 2041 1290 2104 per

212 2127 379 2208 Stephanum
395 2126 430 2190 de
445 2124 562 2200 comba,
579 2122 765 2186 mandamenti
780 2121 966 2196 cumillionis,
979 2136 1008 2185 et
1020 2121 1206 2184 terminum...

255 2242 318 2304 5¹0
337 2230 416 2298 Item,
432 2222 518 2304 quod.
535 2221 612 2302 publ.
629 2221 851 2295 instrumentum,
864 2232 892 2280 ut
899 2219 1019 2301 praem
1033 2217 1177 2281 continens
1187 2217 1286 2279 homa

211 2319 286 2400 gium
312 2320 407 2400 ligium
433 2318 576 2401 prestitum
606 2317 683 2381 dom⁰
709 2316 838 2398 delphino
861 2335 911 2438 per
932 2316 1084 2378 Iohannem
1112 2313 1223 2376 Malleni
1252 2313 1289 2376 de

211 2416 351 2498 oysencio
368 2429 396 2478 et
407 2415 593 2477 terminum..

255 2531 320 2592 5¹¹·
343 2520 422 2586 Item,
441 2511 527 2593 quod.
550 2511 627 2591 publ.
652 2511 863 2574 instrumentum
881 2511 923 2592 (ut
950 2511 1029 2593 503),
1052 2510 1177 2572 dicum
1196 2526 1287 2578 mens.

211 2609 338 2688 januarii,
361 2609 506 2672 continens
527 2608 683 2688 homagium
705 2609 798 2689 ligium
822 2609 964 2690 prestitum
986 2609 1065 2670 dom⁰
1085 2608 1216 2689 dalphino
1238 2627 1290 2690 per

214 2707 382 2769 Chabertum
402 2706 438 2768 de
461 2713 555 2786 Darna
572 2706 607 2767 de
626 2706 736 2768 Cermio
752 2707 872 2788 (Triviio
883 2707 908 2789 i)
922 2721 950 2769 et
965 2707 1187 2788 recognicionem
1208 2725 1291 2768 sum-

212 2804 325 2867 mariam
343 2805 377 2866 de
390 2804 442 2865 hiis
456 2823 509 2884 que
523 2817 599 2866 tenet
615 2803 643 2864 in
658 2805 809 2884 parrochiis
825 2805 860 2867 de
877 2805 1068 2888 Cheyssiliina,
1083 2804 1118 2866 de
1133 2802 1248 2886 Clayllis
1262 2817 1291 2866 et

212 2901 247 2964 de
261 2907 363 2962 Sancto
377 2901 502 2962 Martino·
512 2900 540 2962 in
554 2899 653 2963 Triviis
670 2914 699 2961 et
712 2901 896 2968 terminum..

255 3015 319 3080 5¹2·
334 3006 412 3074 Item,
427 2997 512 3078 quod.
526 2997 603 3078 pubi.
616 2997 825 3060 instrumentum
837 2998 879 3080 (ut
887 2998 1023 3082 precem),
1040 2998 1184 3061 continens
1193 2998 1291 3062 homa·

211 3093 285 3174 gium
299 3095 443 3174 prestitum
459 3114 508 3175 per
517 3101 669 3177 hymonem
684 3096 768 3161 Bruni
783 3095 819 3157 de
829 3095 971 3158 Triviis'et
980 3094 1203 3177 recognicionem
1214 3115 1291 3158 sum-

211 3191 324 3253 mariam
339 3191 375 3254 de
392 3191 444 3254 hiis
454 3212 509 3274 que
523 3205 600 3256 tenet
614 3193 642 3254 in
654 3193 800 3274 parrochia
814 3192 850 3255 de
868 3192 1049 3275 Chayssillina
1063 3192 1138 3256 etde
1153 3192 1286 3276 Claylles,

211 3302 239 3350 et
250 3289 438 3352 terminum...

255 3405 319 3466 513·
336 3394 415 3464 Item,
432 3385 518 3468 quod.
535 3386 571 3448 al.
587 3386 797 3448 instrumentum
808 3385 851 3464 (ut
867 3385 946 3468 503),
965 3385 1009 3448 die
1024 3398 1066 3448 ιιιει
1082 3405 1169 3447 mens.
1188 3386 1291 3464 janua-

211 3485 254 3560 rii,
271 3485 416 3547 continens
435 3485 592 3566 homagium
615 3485 758 3565 prestitum
778 3483 855 3546 dom⁰
875 3484 1004 3564 dalphino
1021 3504 1071 3566 per
1084 3484 1240 3566 Guigonem
1253 3485 1290 3549 de

212 3581 384 3644 Beliomonte
397 3581 499 3644 dictum
518 3589 606 3644 Guers
626 3595 654 3643 et
672 3581 894 3662 recognicionem
916 3582 1091 3644 summarium
1112 3583 1148 3644 de
1168 3582 1220 3659 hiis
1234 3603 1290 3666 que

209 3693 287 3742 tenet
298 3680 326 3741 in
338 3680 533 3742 mandamento
548 3678 690 3753 Avalonis,
706 3692 734 3740 et
746 3679 929 3740 terminum..

255 3793 320 3855 514.
339 3782 406 3837 Item
410 3776 520 3856 ,.quod
537 3775 614 3857 pubi
631 3776 842 3838 instrumentum
863 3775 1004 3857 (111511),
1025 3776 1169 3838 continens
1188 3741 1290 3839 homa·

211 3871 286 3980 gium
303 3870 477 3954 (prestitum)
496 3873 574 3934 dom⁰
591 3872 721 3954 dalphino
738 3891 788 3953 per
803 3872 879 3933 dom.
904 3878 1017 3933 Petrum
1039 3871 1140 3934 Clareti
1161 3885 1190 3934 et
1210 3891 1288 3935 reco-

211 3967 367 4048 gnicionem
382 3988 433 4048 per
448 3987 511 4030 eum
527 3969 627 4032 factam
642 3969 678 4032 de
693 3983 784 4032 castro
797 3968 832 4030 de
848 3975 991 4048 Esparono
1004 3981 1032 4030 et
1045 3969 1231 4032 terminum...

250 4187 272 4224 ι.
287 4169 326 4224 En
341 4187 373 4226 m.
390 4172 480 4228 Verro.
