2936 4898
725 423 862 482 ..3-

262 555 410 618 mandabat
421 553 495 634 quod
510 552 546 614 ad
560 551 635 613 omni
648 550 759 613 vinculo
767 548 905 612 fidelitatis
919 561 949 610 et
962 546 1093 628 homagii,
1106 565 1162 627 quo
1172 545 1224 608 sibi
1246 563 1330 607 causa

261 668 497 734 quorumcumque
511 661 676 724 castrorum,
691 661 838 722 terrarum,
865 647 1002 721 locorum,
1019 644 1117 723 jurium
1134 656 1162 705 et
1176 641 1331 721 juridictio-

260 768 326 811 num
341 760 400 810 erat
406 745 544 819 astrictus,
563 757 637 807 esset
647 744 757 825 penitus
770 743 912 804 absolutus
921 753 950 806 et
960 741 995 802 de
1007 740 1073 821 ipsis
1086 741 1139 820 ipsi
1152 739 1331 820 imperatorie

262 844 405 926 magestati
422 844 458 905 de
472 855 566 904 cetero
581 842 772 922 responderet.

303 941 350 1002 26.
368 949 446 1014 Item,
459 939 545 1020 quod.
562 939 635 1000 aliud
648 938 820 1020 privilegium
835 938 870 1000 ab
880 936 1057 1019 imperatoria
1067 929 1230 1016 magestate,
1242 933 1328 994 videl.

263 1037 427 1118 Fredeliquo
439 1045 624 1098 Romanomm
640 1055 717 1117 rege,
728 1048 884 1098 emanatum
895 1034 1008 1122 ejusque
1024 1032 1112 1113 sigillo
1122 1031 1150 1092 in
1161 1049 1331 1112 pargameno

259 1134 345 1215 ipsius
361 1133 496 1214 privilegii
510 1133 615 1208 inviro,
627 1133 758 1213 scriptum
769 1133 820 1194 sub
831 1152 904 1193 anno
920 1127 1008 1192 Dirice
1027 1137 1169 1191 lncamac.
1180 1132 1329 1199 M⁰C.LV⁰,

259 1231 343 1292 indic.
368 1250 409 1307 va,
439 1249 513 1292 anno
534 1230 640 1311 imperii
664 1229 786 1309 ejusdem
816 1237 869 1305 111⁰,
898 1227 1042 1290 continens
1064 1225 1139 1306 quod
1153 1222 1332 1285 Berthoudus

260 1327 388 1388 dominus
401 1327 571 1408 Burgondie,
589 1327 617 1388 in
632 1325 775 1406 presencia
792 1325 856 1387 dicti
874 1324 949 1385 dom.
964 1321 1138 1404 imperatoris
1151 1319 1330 1394 constitutus,

262 1423 383 1484 donabat
400 1423 520 1504 Guigoni
536 1422 666 1504 dalphino
680 1422 811 1503 quicquid
825 1421 891 1500 juris
907 1420 1028 1482 habebat
1041 1437 1075 1480 ex
1090 1416 1250 1480 sucessione
1266 1434 1332 1496 pre-

262 1520 438 1582 decessorum
450 1538 562 1581 suorum
577 1519 605 1580 in
614 1518 731 1580 civitate
744 1519 861 1594 vienne,
874 1517 1018 1579 continens
1035 1515 1122 1577 eciam
1137 1511 1333 1576 confirmacio-

188 1617 189 1620 ’
261 1635 324 1678 nem
339 1616 489 1696 supradicti
504 1616 579 1678 dom.
596 1615 769 1697 imperatoris
786 1629 806 1676 ¹.

303 1828 351 1888 27.
370 1818 448 1884 item,
466 1809 584 1891 quedam
596 1810 732 1890 scriptura
741 1827 937 1890 pergamenea,
952 1826 1006 1888 que
1020 1805 1138 1869 condam
1153 1805 1333 1886 plurimorum
1345 1840 1381 1885 a„
1398 1827 1408 1851 τ

262 1908 412 1990 sigillorum
426 1907 476 1970 fuit
493 1907 608 1988 sigillata
625 1921 655 1968 ut
669 1907 697 1968 in
709 1907 768 1988 ipsa
790 1907 925 1987 scriptura
939 1906 1048 1987 legitur,
1064 1905 1166 1986 scripta
1191 1904 1242 1966 sub
1259 1923 1333 1966 anno
1378 1915 1384 1931 ⁸

264 2003 373 2066 Domini
389 2003 914 2080 M⁰CC.XXXVI⁰,1111⁰nonasmarcii,
932 2003 1077 2064 continens
1097 2014 1290 2064 testamentum
1306 2014 1334 2062 et

262 2101 383 2162 ultimam
399 2101 567 2163 voluntatem
582 2099 729 2166 recolende
744 2100 876 2161 memorie
897 2099 970 2161 dom¹
985 2100 1093 2162 Andree
1111 2098 1233 2178 delphini
1250 2097 1333 2160 Vien-

262 2199 365 2273 nensis,
384 2198 430 2279 qui
445 2197 587 2261 constituit
600 2218 679 2261 suum
708 2197 839 2260 heredem
865 2197 1049 2258 universalem
1075 2198 1151 2258 dom.
1177 2195 1331 2276 Guigonem

262 2294 346 2356 lilium
361 2315 451 2357 suum.
1119 2337 1120 2342 η

303 2391 350 2452 28.
364 2396 443 2466 Item,
460 2391 543 2470 qued.
556 2391 650 2454 lietera
666 2392 695 2452 in
709 2391 840 2472 pendenti
856 2391 973 2472 sigillata
987 2390 1076 2471 sigillo
1092 2391 1184 2452 inclite
1198 2391 1333 2453 recorda-

260 2486 348 2549 cionis
358 2487 435 2548 dom⁰
447 2488 590 2562 Beatricis,
606 2488 716 2549 duxisse
729 2501 757 2550 et
769 2487 898 2568 dalphine
918 2488 1092 2564 Viennensis,
1108 2489 1159 2549 sub
1187 2508 1260 2550 anno
1277 2483 1332 2548 ofii

263 2589 503 2659 m⁰cc⁰xxvl11⁰,
522 2584 566 2645 die
579 2585 641 2646 festi
664 2584 737 2645 beati
760 2584 906 2666 Nicholay,
918 2585 1063 2646 continens
1084 2598 1278 2647 testamentum
1304 2597 1333 2646 et

261 2680 383 2742 ultimam
398 2680 569 2743 voluntatem
583 2682 657 2744 dicte
669 2681 896 2758 domeduchisse,
915 2702 968 2762 que
991 2681 1106 2744 instituit
1122 2681 1174 2743 sibi
1200 2681 1332 2742 heredem

261 2777 337 2838 dom.
367 2777 504 2840 Andream
534 2779 705 2860 dalphinum,
739 2777 824 2839 filium
843 2799 933 2854 suum,
950 2793 978 2840 et
990 2779 1080 2840 eidem
1102 2777 1242 2840 substituit
1253 2778 1329 2840 dom.

261 2872 416 2954 Guigonem
429 2874 513 2936 lilium
525 2875 611 2956 ipsius
626 2876 702 2937 dom.
715 2875 835 2938 Andree.

590 2982 711 3036 DOMlNl
730 2982 776 3036 DE
795 2981 1000 3037 CHAMBONE.

301 3083 348 3147 29.
362 3073 441 3143 ltem,
455 3068 594 3148 quoddam
610 3069 749 3149 publicum
771 3069 982 3132 instrumentum
999 3069 1130 3150 scriptum
1144 3089 1226 3132 manu
1242 3076 1333 3131 llum-

260 3163 330 3226 berti
342 3163 452 3246 (Pilati)
474 3165 573 3227 notarii
598 3166 710 3246 publici,
729 3166 781 3227 sub
806 3186 880 3227 anno
899 3167 951 3227 Drii
971 3173 1209 3240 M⁰CCC⁰XLlll⁰,
1233 3166 1329 3229 indict.

258 3262 369 3338 xr³,die
379 3280 449 3323 xv¹1³
463 3263 565 3324 mensis
580 3263 746 3339 decembris,
765 3245 910 3324 cintinens
924 3264 1074 3343 quodcum
1089 3265 1200 3327 illustris
1217 3277 1244 3324 et
1270 3283 1332 3324 ma-

259 3357 374 3439 gnificus
388 3360 516 3440 princeps
531 3358 607 3420 dom.
619 3360 789 3422 Humbertus
799 3359 945 3440 dalphinus
956 3359 1118 3422 Viennensis
1137 3360 1294 3424 vendiderit
1304 3376 1333 3424 et

257 3456 336 3518 titulo
351 3455 523 3518 vendicionis
532 3455 646 3518 cesserit
660 3469 687 3516 et
702 3457 872 3518 concesserit
883 3456 943 3518 viro
957 3456 1069 3537 (nobili)
1082 3457 1158 3518 dom.
1186 3457 1331 3520 Guillelmo

260 3553 371 3632 Rogerii
387 3551 475 3627 militi,
494 3552 607 3613 domino
621 3553 656 3613 de
672 3553 833 3615 chambone
848 3568 875 3616 et
899 3555 934 3616 de
950 3561 1051 3617 Sancto
1067 3553 1217 3633 Eruperio,
1233 3571 1284 3633 pro
1301 3573 1330 3614 se

258 3662 285 3711 et
300 3649 355 3710 suis
371 3648 520 3710 heredibus
531 3663 632 3724 castra,
645 3649 828 3723 castellaniae,
841 3653 975 3727 maneria,
986 3651 1123 3731 repparia,
1140 3650 1220 3711 villas
1229 3657 1257 3719 e't
1270 3650 1330 3711 loca

257 3760 357 3810 vocata
371 3747 406 3808 de
420 3753 509 3808 Ponte
524 3747 624 3822 Casiri,
641 3747 676 3808 de
693 3754 795 3829 Vayra,
812 3746 847 3809 de
863 3747 1018 3822 Montonio,
1032 3747 1066 3808 de
1082 3755 1183 3809 Sancto
1195 3745 1329 3820 Martiali,

257 3843 293 3905 de
305 3843 344 3905 las
363 3843 532 3918 Martias,de
550 3844 699 3924 Lengiaco,
713 3843 748 3904 de
765 3844 922 3920 Brocolhia,
936 3844 1153 3918 dehlbussonio,
1169 3859 1197 3907 et
1212 3864 1331 3926 genera-

256 3939 318 4002 liter
328 3941 419 4003 omnia
436 3941 488 4002 alia
500 3954 527 4002 et
541 3941 648 4022 singula
662 3960 716 4022 que
730 3940 803 4002 idem
819 3942 894 4003 dom.
915 3942 1062 4022 dalphinus
1073 3943 1204 4018 habebat,
1217 3944 1331 4006 tenebat

296 4159 317 4198 1.
334 4144 372 4198 En
387 4162 466 4218 mauge
477 4164 485 4198 .·
501 4145 583 4218 Usque
599 4143 647 4216 hic,
663 4143 798 4200 c'esl·d·dirc
812 4143 881 4217 quiri
895 4163 917 4200 sc
931 4143 1048 4200 terminent
1063 4147 1095 4201 les
1109 4145 1240 4218 privillges.
