2936 4898
697 473 854 520 ...22-

243 589 389 652 mobilibus
403 602 431 651 et
443 588 569 650 lnmobil,
586 588 709 669 paternis
718 601 746 649 et
760 587 902 662 maternis,
914 599 997 667 prout
1007 585 1035 647 in
1046 585 1313 648 dictoinstrumento

242 686 350 768 plenius
364 686 533 749 continetur.

281 785 329 864 96.
350 791 429 856 Item,
445 782 532 864 quod.
547 781 687 862 publicum
697 780 909 843 instrumentum
918 781 1050 860 scriptum
1063 796 1145 840 manu
1161 774 1239 838 Petri
1251 775 1315 838 Clo-

241 881 389 964 cheyronis
411 879 510 942 notarii
532 877 691 961 quondam,
711 877 763 942 sub
784 897 858 939 anno
884 878 937 939 Diri
963 882 1140 950 M⁰CCC⁰V⁰,
1169 873 1316 936 continens

242 977 317 1059 quod
331 977 407 1038 dom.
424 983 457 1038 Α.
478 976 514 1037 de
527 975 626 1051 Incisa,
643 973 730 1037 abbas
742 975 901 1037 monasterii
917 980 987 1036 Case
1005 979 1096 1046 Nove,
1110 969 1317 1033 conlessusluit

241 1094 272 1137 se
287 1073 416 1137 habuisse
433 1087 460 1136 et
478 1073 629 1154 recepisse,
640 1071 752 1134 nomine
773 1072 846 1133 dom¹
865 1071 991 1134 Maffredi
1008 1068 1177 1152 marquionis
1191 1067 1317 1132 salucia·

242 1189 315 1245 rum,
336 1190 352 1231 a
368 1168 446 1231 doma
462 1169 629 1251 B(eatrice),
642 1167 698 1230 filia
714 1169 787 1230 dom¹
806 1169 881 1230 Petri
897 1168 1006 1231 comitis
1020 1166 1151 1242 condam,
1167 1171 1318 1246 cquatra-

243 1265 318 1346 ginta
332 1283 379 1327 tux
403 1266 486 1328 libras
501 1278 530 1327 et
548 1285 586 1328 nrt
608 1264 712 1328 solidos
727 1265 865 1327 bonorum
885 1264 1062 1326 denariorum
1079 1261 1244 1337 Attentium,
1266 1279 1316 1342 pro
1384 1295 1391 1304 -

242 1362 308 1426 dote
325 1364 402 1426 dome
416 1364 565 1445 Margarite
577 1365 670 1428 uxoris
685 1363 820 1426 Fredelici
834 1363 881 1425 ulii
897 1363 963 1427 dicti
978 1363 1055 1426 dom.
1072 1358 1255 1442 marquionis.

283 1478 332 1540 97.
361 1466 440 1534 lteru,
468 1459 554 1541 quod.
577 1460 651 1523 aliud
674 1459 814 1542 publicum
843 1460 1053 1522 instrumentum
1077 1457 1209 1539 scriptum
1235 1469 1317 1518 manu

243 1555 377 1637 Guigouis
409 1557 546 1619 Pellicerii
572 1557 672 1619 notarii
696 1558 787 1638 publ,
812 1547 863 1620 sub
887 1577 961 1620 anno
989 1557 1043 1620 uni
1066 1561 1191 1617 ll⁰CCC⁰
1211 1551 1315 1635 (xlc),

242 1653 327 1716 indic.
350 1654 469 1732 decima,
489 1655 635 1719 continens
659 1656 845 1737 quitationem
873 1657 951 1719 dom⁰
973 1655 1134 1731 Katherine,
1164 1651 1218 1714 filie
1242 1651 1317 1712 dom¹

245 1751 390 1814 llumberti
410 1751 532 1833 delphini
557 1753 707 1834 uxorisque
737 1753 810 1814 dom¹
832 1753 950 1834 Philippi
974 1751 1009 1813 de
1028 1750 1167 1814 sabaudia
1187 1747 1318 1830 principis

172 1905 176 1910 .
243 1854 368 1931 Aquaye,
396 1847 480 1911 videl.
509 1849 544 1912 de
565 1851 693 1913 omuibus
712 1850 793 1913 bouis
809 1851 931 1930 paternis
956 1864 984 1912 et
1007 1847 1149 1923 maternis,
1174 1845 1319 1909 continens

243 1945 326 2008 etiam
342 1945 526 2009 donacionem
540 1946 641 2009 iactam
656 1947 734 2009 dom⁰
749 1947 866 2011 iohanni
878 1947 1010 2027 dalphino
1029 1945 1065 2008 dc
1085 1943 1217 2026 predictis
1238 1943 1319 2006 bonis

134 2103 138 2108 .
243 2063 294 2123 per
312 2043 413 2107 dictam
428 2044 504 2106 dom.
521 2045 711 2121 Katherinam,
729 2057 757 2106 et
773 2057 816 2106 est
826 2043 950 2106 similiter
964 2043 1109 2124 registrata
1122 2059 1207 2122 quare
1221 2052 1277 2101 etc.

284 2142 333 2221 98.
351 2149 430 2219 ltem,
448 2142 556 2225 quodd.
570 2142 689 2204 vidimus
706 2156 863 2204 emanatum
879 2141 914 2203 ab
931 2139 1042 2204 officiali
1056 2137 1233 2202 Gebenuensi
1247 2136 1320 2217 ejus·
1403 2197 1412 2216 ,

244 2258 298 2319 que
319 2238 411 2320 sigillo
433 2239 608 2319 impendenti
624 2239 789 2321 sigillatum,
815 2240 960 2302 continens
976 2237 1082 2320 quodd.
1108 2237 1331 2299 instrumentum·

244 2334 375 2416 scriptum
391 2355 473 2398 manu
492 2339 622 2401 Peroneti
637 2338 672 2400 de
690 2346 785 2400 Monte
802 2337 836 2398 de
857 2344 963 2420 Sornay
982 2335 1091 2411 notarii,
1106 2334 1158 2397 sub
1175 2351 1248 2396 anuo
1266 2333 1318 2395 Diri
1371 2381 1375 2388 .

246 2437 459 2508 M⁰CCC⁰Vlll⁰,
492 2434 576 2497 indic.
599 2449 663 2510 vrit,
686 2436 791 2516 inquo
813 2435 996 2497 instrumento
1019 2433 1177 2496 continetur
1198 2430 1319 2512 quitario

243 2527 318 2603 iacta
335 2528 411 2590 dome
429 2528 577 2611 B(eatrici)
592 2526 722 2612 dalphine
742 2545 770 2592 et
786 2529 864 2591 dom⁰
880 2530 990 2611 Hugoni
1009 2529 1146 2610 Dalphino
1159 2546 1210 2609 per
1226 2527 1320 2589 Manl-

244 2623 353 2686 lredum
368 2624 557 2704 marquionem
569 2626 738 2689 Saluciarum
749 2638 777 2688 et
788 2626 964 2706 Margaritam
977 2625 1112 2707 Delphine
1122 2625 1181 2705 ejus
1191 2643 1317 2701 uxorem,

246 2719 282 2781 de
296 2727 368 2782 XX¹¹¹
379 2720 509 2784 librarum
526 2724 727 2785 Astasencium.

286 2835 335 2897 99.
358 2825 437 2894 ltem,
465 2819 553 2900 quod.
579 2819 652 2882 aliud
681 2821 893 2882 instrumentum
918 2819 1059 2902 publicum
1081 2821 1213 2902 scriptum
1235 2840 1322 2884 manu

245 2903 378 2977 iohannis
402 2915 523 2977 Bovardi
545 2916 644 2980 notarii
660 2918 752 2999 publ„
772 2917 825 2982 sub
847 2937 920 2981 auno
941 2919 994 2981 Diri
1015 2924 1216 2995 ll⁰CCC⁰Xll⁰,
1231 2919 1317 2982 indic.

245 3024 287 3086 xa,
302 3011 347 3074 die
363 3031 416 3074 vna
432 3013 534 3076 mensis
552 3014 646 3091 madii,
664 3016 808 3078 continens
832 3015 1030 3096 quintationem
1046 3016 1146 3078 laetam
1167 3035 1219 3097 per
1240 3015 1317 3078 dom.

186 3180 189 3187 Ι
247 3108 403 3190 Philippum
421 3110 457 3171 de
473 3111 621 3187 sabaudia,
638 3112 791 3193 principem
807 3112 931 3195 Achaye‚
950 3112 1027 3174 dom⁰
1049 3112 1165 3174 lohanni
1187 3111 1319 3192 dalphino

212 3217 215 3225 '
248 3205 282 3276 de
297 3209 371 3267 xxm
385 3207 515 3269 librarum
532 3208 669 3270 bonorum
684 3209 819 3272 viennen.
841 3209 1027 3290 antiquorum,
1043 3225 1094 3290 pro
1111 3209 1188 3284 dote,
1207 3208 1319 3271 nomine

246 3316 274 3365 et
288 3322 323 3365 ex
339 3319 423 3367 causa
438 3304 511 3367 dotis
525 3304 605 3368 dome
620 3307 770 3369 Katherine
793 3306 828 3368 de
851 3307 1010 3384 Viennesio,
1032 3307 1135 3370 sororis
1153 3305 1219 3369 dicti
1239 3305 1316 3368 dom.

246 3400 366 3482 delphini
381 3401 573 3484 contortisque
583 3402 656 3464 dom*
671 3403 803 3484 principis
816 3403 972 3467 memorati.

291 3517 355 3561 iou.
386 3506 465 3576 ltem,
492 3499 579 3581 quod.
600 3499 720 3563 vidimus
742 3499 874 3582 scriptum
906 3519 990 3562 manu
1015 3498 1174 3580 Berengarii
1206 3499 1330 3580 Rogerii,

245 3595 344 3657 notarii
360 3596 437 3676 publ.
464 3611 492 3660 et
521 3597 707 3678 subscriptum
729 3615 812 3660 manu
838 3598 950 3661 lmberti
965 3597 1101 3680 hysselini
1123 3596 1222 3658 notarii
1235 3597 1316 3678 regii,

245 3691 297 3754 sub
314 3711 387 3753 anno
405 3693 459 3754 Diri
482 3701 719 3769 M⁰CCC⁰XLlll⁰‚
741 3695 786 3757 die
805 3696 956 3778 penultima
972 3695 1074 3776 aprilis,
1089 3694 1232 3758 continens
1250 3715 1319 3757 ma-

244 3787 401 3852 trimonium
419 3802 447 3850 et
462 3803 634 3854 contractum
646 3793 812 3856 matrimonii
825 3795 994 3858 celebratum
1008 3793 1079 3855 inter
1092 3805 1220 3873 potentes
1241 3793 1318 3856 viros

245 3887 320 3948 dum.
346 3885 528 3948 llumbertum
550 3889 709 3971 dalphinum
729 3892 924 3968 Viennensem,
954 3890 1065 3952 nomine
1093 3891 1170 3953 dom·
1197 3892 1317 3954 Bearrici

244 3979 299 4043 lilie
318 4001 378 4056 sue,
398 4002 433 4046 ex
449 4003 503 4045 una
523 3999 612 4065 parte,
629 4001 657 4050 et
675 3989 751 4052 dom.
774 3990 927 4052 lohannem
949 3988 984 4050 de
1003 3987 1157 4052 Scabilione
1174 3987 1317 4052 dominum

212 4078 215 4083 ’
244 4076 279 4140 de
293 4079 403 4154 Arlaco,
419 4079 530 4142 nomine
544 4081 618 4144 dom¹
630 4087 755 4167 Hugonis
768 4085 815 4149 lilii
828 4085 882 4160 sui,
900 4105 935 4147 ex
948 4086 1045 4159 altera,
1060 4097 1141 4147 otest
1158 4097 1316 4148 emanatum

244 4174 346 4238 dictum
358 4175 477 4238 vidimus
491 4197 507 4240 a
522 4178 597 4241 curia
610 4182 779 4245 cenesoalcie
797 4182 953 4246 Bellicadri.
