2842 4900
498 451 536 463 ..
558 435 610 498 „1
639 453 675 464 -

100 550 179 628 ιογό.
213 557 293 627 item,
321 549 407 632 quod.
430 549 508 632 publ.
537 548 748 612 instrumentum
775 549 908 631 scriptum
931 567 1014 611 manu
1041 548 1125 629 Guig.

1 663 3 736 t
65 647 202 722 Frumenti,
216 646 270 709 sub
284 663 357 708 anno
373 647 427 709 oni
449 647 759 729 M⁰(CCC⁰)XXXV11⁰,
775 645 860 708 indic.
872 659 914 720 vt,
932 646 977 708 die
990 658 1039 708 tutt
1052 664 1130 708 men

63 744 92 804 sis
106 744 228 822 januarii,
244 744 392 806 continens
419 743 608 826 quod-Guigo
624 742 659 804 de
675 741 822 824 Cufingen,
838 757 1005 824 procurator
1017 757 1045 806 et
1061 762 1130 825 pro-

62 840 187 903 curatorio
200 841 313 904 nomine
329 840 521 923 religiosarum
537 859 663 904 sororum
688 839 766 902 dome
788 841 909 904 abatisse
933 847 1020 903 Beate
1042 839 1130 903 Marie

1 944 2 1036 i
63 937 90 998 de
103 945 227 1014 Deserta,
242 937 347 1000 ordinis
362 945 463 1002 Sancte
478 938 571 1015 Clare,
586 938 752 1020 recognovit
768 937 836 1000 dict.
852 952 1022 1001 conventum
1032 951 1129 1002 tenere

1 1043 2 1099 i
61 1034 83 1096 in
101 1035 309 1116 emphitheosim
332 1049 494 1118 perpetuam
519 1049 548 1100 et
570 1035 606 1098 de
635 1035 742 1100 directo
765 1036 889 1098 dominio
907 1037 981 1100 dom'
1008 1033 1131 1118 datpntnt

1 1159 2 1196 1
62 1129 137 1214 quod.
152 1132 304 1196 broeelium
317 1151 367 1196 seu
384 1153 484 1200 nemus
501 1133 576 1215 quod
602 1131 679 1196 dicte
701 1153 813 1196 sorores
829 1134 947 1197 emerint
966 1155 982 1196 a
997 1139 1084 1198 Petro
1096 1132 1132 1196 de

1 1223 2 1300 i
62 1235 217 1311 Bergonono
232 1244 261 1294 et
284 1229 434 1312 Margarita
457 1230 517 1311 ejus
541 1249 648 1307 sorore,
664 1230 746 1294 situm
766 1250 865 1294 versus
878 1231 1031 1298 Nerionem
1055 1230 1131 1310 juxta

61 1347 150 1409 aquam
170 1329 280 1390 Rodani
300 1347 336 1396 etr
352 1347 408 1390 utta
421 1341 501 1410 parte
518 1341 547 1391 et
560 1329 636 1408 juxta
654 1329 807 1392 broceilum
829 1329 926 1396 Jochie
946 1349 983 1392 er
998 1329 1085 1392 altera
1106 1342 1134 1392 et
1253 1379 1256 1386 .

61 1424 126 1503 iuxta
141 1426 293 1489 brocellum
311 1426 420 1490 thome
434 1425 470 1488 de
483 1433 607 1508 Lengres
618 1443 653 1489 ex
666 1427 752 1490 altera
768 1427 1008 1492 inmandamento
1016 1427 1054 1492 de
1068 1427 1133 1490 val-

1 1523 2 1567 ῗ
61 1520 132 1600 ibus,
147 1541 269 1604 proquo
288 1522 413 1585 broceiio
427 1535 541 1586 tenetur
558 1523 652 1585 iacere
663 1522 732 1586 dict.
756 1537 913 1586 conventus
926 1538 1034 1587 certum
1047 1513 1134 1588 setri-

61 1617 122 1679 n'um
142 1618 268 1694 ἀοιιιὶηο,
287 1632 453 1683 tamennon
468 1632 512 1682 est
528 1619 558 1682 in
581 1617 657 1682 dicto
671 1619 762 1682 tustra
778 1620 949 1684 declaratum
965 1634 986 1685 ¹.

2 1728 6 1803 t
73 1719 80 1744 ⁸
96 1732 178 1794 ¹077·
197 1723 276 1790 Item,
293 1715 379 1797 qued.
396 1716 487 1780 littere
501 1716 561 1778 sine
575 1716 678 1798 sigillo,
693 1717 799 1799 scripte
812 1718 866 1780 sub
878 1737 952 1781 anno
966 1719 1019 1781 nni
1035 1721 1133 1781 ΜἫῙε

1 1825 5 1877 ’.
61 1815 219 1889 XXXV1110,
247 1813 294 1875 die
313 1827 399 1875 xuur
426 1815 530 1878 mensis
553 1814 660 1892 marcii,
693 1815 868 1880 continentes
892 1816 1132 1882 confirmationem

2 1940 3 1995 3
61 1907 266 1972 iranchesiatum
281 1911 497 2006 Montisiuppelli
510 1913 612 1974 factam
628 1911 680 1995 per
694 1913 770 1976 dom.
787 1914 944 1995 Guigonem
959 1913 1132 1996 daiphinum.

2 1998 3 2046 ἕ
95 2007 177 2084 1078.
210 2014 292 2084 Item,
319 2009 407 2090 quod.
437 2010 650 2072 instrumentum
665 2009 814 2093 sigillatum
829 2011 857 2073 in
878 2011 1023 2093 pendenti,
1042 2012 1135 2093 scrip-

61 2116 108 2165 um
121 2125 205 2166 mann
232 2106 367 2168 iohannis
392 2105 428 2169 de
451 2113 554 2170 Sancto
577 2107 723 2191 Dyonisio,
752 2108 805 2170 sub
825 2128 900 2172 anno
916 2116 1025 2172 lncam.
1044 2108 1134 2173 Diiice

62 2207 222 2281 M01110V110,
239 2205 387 2268 continens
399 2205 601 2268 intimationem
615 2219 646 2268 et
657 2205 836 2268 donationem
845 2207 933 2270 factas
945 2225 996 2288 per
1009 2205 1134 2270 nobilem

62 2301 285 2374 uirumtacohum
301 2302 463 2366 deGeresio
476 2303 514 2365 itt
527 2303 591 2366 viro
603 2303 683 2366 dom.
702 2304 823 2366 Guidoni
841 2303 972 2386 Daiphini
991 2303 1027 2366 de
1039 2315 1133 2366 castro
1235 2330 1239 2340 ¹

3 2431 4 2434 ¹
63 2413 84 2460 et
102 2400 297 2462 mandamento
323 2399 358 2462 de
382 2399 503 2478 Viriaco,
519 2400 684 2463 Viennensis
711 2400 852 2483 dyocesis,
868 2401 951 2464 situm
968 2419 1052 2481 supra
1068 2419 1134 2462 cas-

62 2495 167 2558 tntmde
180 2496 326 2558 malavalle
339 2497 368 2562 in
380 2497 453 2579 pede
466 2498 571 2560 montis
584 2497 621 2560 de
636 2505 732 2560 Monte
742 2498 823 2575 Vieu,
835 2511 865 2560 et
875 2498 988 2561 domum
1003 2517 1080 2562 suam
1098 2498 1134 2560 de

64 2593 213 2678 Chaunum
226 2594 307 2658 sitem
316 2595 393 2676 juxta
407 2596 565 2672 Rodanum,
579 2613 643 2658 cum
653 2615 749 2658 eorum
763 2596 864 2658 castris
874 2609 903 2659 et
916 2595 1131 2670 mandamentis,

4 2763 5 2779 1
64 2692 194 2755 continens
207 2692 298 2756 eciam
311 2693 404 2774 plures
415 2693 559 2776 pactiones
573 2693 682 2756 habitas
698 2693 771 2756 inter
786 2693 854 2757 dict.
873 2694 1012 2756 dominos.

3 2813 4 2820 ¹
98 2809 179 2872 ¹⁰79·
199 2797 281 2866 item,
295 2791 379 2872 qued.
395 2791 487 2854 littera
503 2793 606 2874 scripta
623 2791 677 2884 sub
689 2809 762 2854 anno
793 2791 847 2854 Diii
870 2799 1089 2868 tttcc⁰xx⁰tt⁰,
1106 2792 1137 2854 in
1162 2785 1165 2787 ’

63 2888 298 2952 ceramensium
314 2895 491 2966 Sanctorum,
515 2892 662 2952 continens
679 2888 756 2970 quod
770 2888 844 2952 bone
861 2890 997 2952 memorie
1013 2888 1136 2951 condam

64 2981 127 3046 dom.
142 2987 269 3050 andreas
287 2987 435 3069 delphinus
449 2987 625 3050 confirmavit
642 2987 736 3050 domui
755 2988 913 3050 Bonevallis
927 3007 1026 3050 omnes
1042 2987 1136 3048 dona·
1240 3057 1243 3066 y

64 3079 258 3146 duaeseisdem
270 3085 358 3148 iactas
379 3105 467 3167 usque
483 3085 637 3148 addictam
653 3084 726 3147 diem
742 3105 792 3166 per
813 3085 1029 3166 predecessores
1053 3103 1132 3160 suos,

64 3176 154 3241 eisdem
170 3180 345 3245 confirmauit
358 3195 386 3248 et
397 3183 518 3265 quedam
533 3183 586 3246 alia
599 3182 628 3244 in
641 3182 717 3244 dicta
731 3181 821 3244 littera
836 3195 968 3245 contenta
979 3181 1083 3244 eisdem
1098 3181 1136 3242 de

66 3292 129 3338 noro
142 3278 265 3344 donavit.
844 3331 846 3339 .
1132 3299 1134 3306 ⁴

103 3377 180 3441 1080.
204 3385 287 3454 item,
312 3377 350 3440 al.
374 3377 452 3459 pubi.
477 3379 690 3443 instrumentum
711 3378 843 3461 scriptum
862 3397 945 3440 manu
972 3375 1076 3439 Aioerti
1099 3375 1136 3438 de

67 3475 163 3556 Brayda
175 3476 275 3540 notarii
291 3474 368 3557 publ.
383 3476 436 3538 sub
449 3496 522 3539 anno
535 3479 589 3540 Diti
601 3484 805 3555 succedite,
822 3490 864 3538 xta
879 3475 924 3537 die
937 3475 1039 3538 mensis
1054 3473 1132 3554 junii,

66 3570 196 3634 continens
215 3571 291 3654 quod
309 3572 462 3636 Guiouetus
482 3574 584 3652 Gersii,
607 3575 681 3637 filius
707 3573 841 3658 Aymonis
866 3570 967 3647 Gersii,
990 3572 1135 3634 confessus

4 3709 5 3712 ,
25 3747 29 3760 Ι
67 3662 111 3726 fitit
122 3681 184 3730 seet
196 3683 367 3732 suostenere
375 3689 397 3744 ,t
407 3669 554 3751 magnifico
568 3671 629 3734 viro
640 3671 716 3734 dom.
735 3670 891 3734 Humberto
906 3669 1037 3750 delphino
1047 3668 1136 3731 Vien-

3 3763 5 3846 ¹,
67 3763 136 3824 nens
149 3767 240 3830 etsuis
266 3767 381 3828 domum
402 3787 481 3830 suam
509 3787 558 3830 seu
584 3769 721 3831 bastidam
749 3769 784 3831 de
806 3770 938 3849 Chapana
957 3781 986 3830 et
1008 3767 1136 3854 quidquit

5 3868 6 3924 i
67 3854 178 3924 habetis
193 3864 318 3926 diserietu
333 3865 573 3928 comandamento
589 3867 716 3952 castride
726 3874 828 3943 Turre,
844 3866 930 3928 videl.
942 3885 958 3928 a
971 3885 1052 3928 crosa
1068 3865 1133 3928 Maii

5 3987 6 4008 1
68 3957 169 4038 Boyson
180 3981 265 4044 usque
280 3961 387 4038 Turim,
399 3981 453 4044 que
463 3963 562 4026 domus
578 3978 621 4027 est
634 3963 776 4027 reddibilis
800 3976 829 4026 et
848 3982 903 4026 una
925 3982 988 4026 cum
1003 3962 1136 4044 predictis

105 4174 124 4212 1.
138 4159 172 4214 En
185 4180 217 4218 nr.
230 4161 362 4219 Tradetur
375 4163 448 4237 rupia
460 4163 598 4220 meduno
609 4163 717 4222 Vsiiium
732 4183 780 4239 pro
793 4166 861 4223 iacto
876 4165 999 4223 Miribeiii.
