2844 4900
686 418 864 464 -120—

237 535 312 616 ipsos
326 533 465 615 pertinere
477 525 592 608 debent,
608 544 636 594 et
647 531 698 594 sub
711 530 802 593 modis
811 543 840 593 et
856 528 1065 594 condicionibus
1087 528 1116 590 in
1133 526 1207 591 dicto
1222 528 1310 590 instr¹o

236 630 385 707 contentis,
401 643 429 692 et
442 628 670 692 terminum..sibi
682 627 855 709 prefixum...

275 727 345 805 664.
374 734 453 803 item,
469 724 555 807 quod.
574 724 652 806 publ.
668 725 878 788 instrumentum
892 723 935 805 (ut
949 723 1034 805 627),
1057 721 1203 786 continens
1214 722 1313 784 homa-

235 825 310 906 gium
325 823 419 904 ligium
432 822 576 904 prestitum
592 839 642 902 per
655 821 808 883 iohannem
826 821 861 883 de
876 820 960 882 Geria
971 820 1049 881 dom⁰
1061 831 1159 882 nostro
1184 818 1313 899 dalphino
1412 835 1413 848 ¹

235 934 263 984 et
272 919 496 1000 recognicionem
511 919 599 981 eciam
623 936 674 999 per
682 937 745 978 eum
760 918 898 980 factam...
913 915 1043 979 defendo
1060 917 1176 979 francho
1191 918 1312 979 omnium

235 1037 289 1101 que
302 1030 381 1079 tenet
398 1016 434 1078 ab
458 1035 492 1078 eo
510 1015 538 1077 in
561 1014 757 1077 mandamento
772 1014 876 1090 visilis,
892 1013 976 1076 salvis
992 1012 1043 1074 hiis
1057 1033 1111 1095 que
1127 1027 1205 1077 tenet
1226 1013 1262 1076 ab
1280 1033 1312 1076 eo

234 1115 270 1178 ad
285 1113 431 1178 servicium
444 1131 498 1193 que
508 1111 627 1174 condam
641 1111 752 1172 fuerunt
764 1109 891 1191 Hugonis
900 1109 935 1171 de
947 1108 1063 1185 Molino,
1077 1123 1104 1172 et
1112 1109 1309 1172 terminum...¹

274 1210 343 1290 665.
362 1216 441 1284 item,
459 1209 544 1289 quod.
565 1208 778 1269 instrumentum
793 1207 829 1268 al.
848 1205 983 1287 (ut629)‚
998 1206 1142 1268 continens
1156 1206 1313 1287 homagium

234 1307 328 1389 ligium
339 1307 374 1369 de
390 1324 509 1387 persona
525 1304 670 1386 prestitum
684 1303 763 1365 dom⁰
783 1315 880 1365 nostro
894 1301 1026 1382 dalphino
1036 1322 1086 1384 per
1102 1303 1312 1386 Raymbaudum
1416 1391 1417 1404 χ

235 1404 340 1487 Poyaci
354 1403 390 1466 de
407 1401 546 1485 Oysencio
556 1401 777 1464 etterminum...

274 1502 343 1563 666.
361 1509 441 1577 item,
468 1500 554 1582 quod.
574 1499 651 1580 publ.
668 1499 879 1560 instrumentum
902 1496 945 1577 (ut
957 1496 1041 1577 618),
1059 1495 1204 1558 continens
1217 1494 1314 1555 homa-

234 1599 309 1680 gium
323 1598 416 1679 ligium
427 1598 570 1678 prestitum
580 1596 659 1658 dom⁰
670 1608 765 1658 nostro
776 1594 907 1676 dalphino
918 1601 1164 1676 perJaquemetum
1176 1594 1214 1656 de
1228 1602 1314 1678 Qetz
1417 1667 1418 1670 Ἴ

234 1711 262 1760 et
274 1711 460 1759 terminum...

273 1795 342 1872 667.
361 1801 440 1870 item,
464 1793 550 1875 quod.
576 1793 787 1855 instrumentum
809 1790 853 1872 (ut
872 1791 956 1874 629),
985 1791 1129 1853 continens
1156 1790 1314 1872 homagium

233 1891 327 1972 ligium
341 1891 376 1952 de
388 1911 507 1972 persona
522 1891 665 1972 prestitum
679 1890 757 1952 dom⁰
770 1903 867 1952 nostro
885 1889 1017 1970 dalphino
1031 1908 1081 1970 per
1101 1887 1229 1951 odonem
1248 1887 1317 1950 Mis·
1418 1961 1419 1970 ἵ

233 1989 309 2052 tralis
323 1988 359 2051 de
370 1989 510 2071 Oysencio
522 2001 550 2051 et
561 1990 746 2051 terminum...

275 2085 345 2147 668.
365 2092 444 2161 item,
461 2084 547 2167 quod.
563 2086 775 2148 instrumentum
798 2085 955 2147 confectum
973 2103 1056 2146 manu
1070 2085 1153 2166 Guig.
1173 2086 1316 2148 Frumenti

232 2195 291 2245 not.
311 2182 379 2264 pub.
396 2183 447 2246 sub
475 2201 549 2245 anno
578 2183 694 2246 nativit.
725 2183 1074 2256 nnimcccurxxntu,
1105 2183 1190 2245 indic.
1211 2197 1255 2260 ιιι,
1272 2184 1315 2246 die

232 2293 314 2341 uvrna
336 2280 438 2342 mensis
459 2280 586 2360 januarii,
610 2279 755 2343 continens
775 2281 933 2362 homagium
947 2280 1041 2360 ligium
1069 2280 1143 2342 Petri
1163 2281 1258 2344 Guioti
1289 2294 1316 2343 et

231 2376 415 2439 terminum...

271 2473 340 2554 669.
373 2480 452 2548 item,
470 2473 557 2554 quod.
580 2472 792 2535 instrumentum
814 2473 857 2554 (at
879 2474 897 2534 6
904 2474 963 2556 ι8),
988 2474 1134 2538 continens
1152 2475 1313 2557 homagium

232 2570 369 2632 Guillelmi
384 2570 528 2652 Galvagnii
543 2571 578 2631 de
598 2570 724 2632 Ambelio
736 2582 765 2632 et
778 2571 963 2635 terminum...

271 2667 340 2744 670.
356 2675 435 2743 item,
451 2667 537 2748 quod.
554 2667 766 2730 instrumentum
781 2668 823 2750 (ut
837 2669 921 2751 626),
938 2669 983 2732 die
1000 2683 1062 2731 unu
1076 2688 1165 2732 mens.
1183 2670 1312 2748 januarii,
1358 2649 1361 2654 ⁸

230 2763 376 2825 continens
385 2762 543 2844 homagium
552 2763 645 2844 ligium
663 2765 807 2846 prestitum
819 2785 873 2846 per
888 2766 965 2828 dom.
977 2766 1133 2848 Guigonem
1147 2766 1183 2828 de
1199 2766 1314 2848 Morgiis

230 2875 258 2923 et
269 2859 489 2942 assignacionem
503 2861 650 2924 termini...

269 2959 339 3034 671.
357 2965 436 3034 item,
446 2957 752 3039 quod.instrumentum
762 2960 920 3022 confectum
932 2959 1069 3042 (mmo),
1084 2960 1128 3021 die
1138 2960 1311 3038 rnrjanuan‘i,

228 3053 373 3115 continens
390 3053 549 3134 homagium
575 3054 669 3136 ligium
684 3056 828 3136 prestitum
846 3056 924 3118 dom⁰
938 3056 1070 3138 dalphino
1093 3076 1143 3138 per
1155 3057 1311 3119 iohannem

229 3150 264 3212 de
280 3151 378 3213 croilis
393 3150 428 3214 de
438 3151 605 3230 Avaloneet
619 3153 876 3234 assignacionem...

268 3247 338 3326 672.
353 3256 432 3325 Item,
455 3249 541 3331 quod.
560 3249 638 3330 pubi.
655 3251 867 3313 instrumentum
884 3251 927 3332 (ut
946 3251 1031 3334 670),
1055 3251 1200 3314 continens
1213 3250 1311 3312 homa·

227 3343 301 3425 giurn
319 3360 347 3407 et
365 3346 590 3428 recognicionem
606 3347 707 3410 factam
735 3367 784 3428 per
810 3348 886 3410 dom.
908 3348 1061 3411 Abbertum
1076 3349 1111 3410 de
1129 3349 1310 3412 Cassenatico

228 3440 305 3502 dom⁰
327 3456 424 3504 nostro
456 3443 587 3524 dalphino
609 3444 644 3507 de
664 3445 715 3506 hiis
736 3444 864 3506 omnibus
888 3465 942 3526 que
953 3459 1030 3508 tenet
1054 3447 1082 3507 in
1109 3445 1309 3514 mandamento

227 3538 407 3616 Cassenatici,
425 3539 453 3625 in
467 3539 612 3620 parrochia
631 3540 666 3602 de
689 3548 801 3623 Vourey
814 3557 842 3603 et
854 3541 882 3603 in
895 3543 1090 3606 mandamento
1102 3543 1246 3606 Yseronis.

267 3634 335 3714 673.
355 3642 434 3712 item,
455 3636 538 3717 qued.
560 3637 656 3699 lictere
672 3637 788 3718 sigillate
803 3639 830 3700 in
846 3640 977 3719 pendenti
1000 3661 1048 3703 sex
1072 3641 1177 3722 sigillis,
1205 3641 1308 3723 scripte

225 3730 277 3792 sub
287 3751 361 3793 anno
373 3731 409 3793 ab
423 3739 531 3794 incarn.
546 3734 599 3796 Drii
628 3740 842 3812 M⁰CC⁰XXX10,
858 3745 900 3798 111⁰
913 3756 1002 3798 nonas
1011 3737 1153 3815 febroarii,
1169 3739 1308 3820 Gregorio

228 3834 277 3888 tx⁰
300 3849 383 3910 papa,
415 3830 563 3893 Frederico
584 3839 710 3894 Romano
729 3833 897 3914 imperatore
917 3834 1109 3909 existentibus,
1133 3836 1307 3898 continentes

225 3925 299 4006 quod
314 3926 405 4007 Guigo
416 3927 451 3988 de
469 3929 642 3992 Brianczono
658 3944 685 3992 et
701 3933 860 4014 Eymericus
875 3931 934 4011 ejus
948 3931 1019 3994 filius
1032 3921 1217 3998 vendiderunt
1240 3953 1306 4014 pre-

265 4073 286 4112 ι.
303 4056 341 4109 En
355 4075 388 4137 m:
401 4043 561 4134 ¹Lo(quatut)
576 4063 617 4117 Ro
636 4075 699 4119 naco
713 4063 880 4131 comissario)
895 4065 926 4120 ad
941 4059 1129 4140 recip(iendum)
1144 4064 1304 4140 recognitio·

225 4125 466 4200 nestdaiphhnales)
481 4129 574 4187 Visilie.
593 4081 634 4188 arf
639 4132 762 4191 sciendum
777 4134 818 4208 qui
832 4144 899 4190 tenet
913 4153 961 4210 que
970 4135 1124 4210 recognovit.
