2844 4900
725 415 902 478 -rdo—

270 548 306 613 de
320 549 460 628 Meolano,
478 549 514 612 de
526 550 669 614 voluntate
693 551 759 614 dicti
779 550 853 614 dom¹
871 557 952 614 Lant.
970 564 1000 613 et
1011 547 1130 613 tiliorum
1144 568 1256 612 suorum
1273 567 1333 611 ven-

271 647 342 711 didit
354 648 435 710 dom⁰
448 647 568 730 Guigoni
589 647 721 730 dalphino
749 647 899 711 Viennensi
924 647 1057 730 quicquid
1087 646 1155 727 juris
1180 643 1293 709 habebat
1310 645 1335 707 in

271 746 468 811 mandamento
496 746 532 809 de
553 747 676 830 Theysio
701 761 730 810 et
745 746 781 810 de
809 752 905 822 Petra,
928 747 1024 830 precio
1054 749 1131 810 llllm
1146 745 1227 810 solid.
1245 758 1272 808 et
1289 763 1335 807 xxv

270 841 365 907 librar.
378 842 527 922 viennen,
543 857 571 909 et
584 857 627 908 est
642 844 729 927 quod.
745 843 835 926 sigillo
852 843 880 906 in
894 843 1026 926 pendenti
1038 843 1197 926 sigillatum.

312 961 381 1022 9¹4·
400 949 479 1016 Item,
496 942 580 1024 qued.
590 942 687 1005 lietera
702 941 813 1005 duobus
822 941 918 1024 sigillis
927 941 955 1004 in
966 941 1098 1024 pendenti
1111 941 1238 1024 sigillata,
1248 942 1336 1023 scripta

271 1039 324 1102 sub
340 1059 414 1102 anno
432 1040 486 1103 Dr‘ri
508 1041 683 1116 M0110LX10,
697 1039 725 1102 in
739 1039 832 1122 vigilia
853 1039 885 1102 ba
900 1040 987 1102 Marie
1000 1039 1193 1121 magdalenes,
1205 1039 1336 1103 continens
1400 1109 1401 1114 γ

269 1137 504 1218 composicionem
515 1137 617 1200 iactam
631 1137 703 1200 inter
717 1136 795 1199 dom.
814 1136 970 1219 Guigonem
984 1137 1157 1219 dalphinum,
1175 1137 1283 1200 nomine
1295 1155 1337 1198 suo

271 1245 300 1295 et
315 1233 501 1306 universitatis
522 1233 664 1296 bominum
685 1250 798 1296 suorum
822 1234 968 1314 parrochie
982 1233 1017 1298 de
1032 1234 1201 1317 Herbeysio‚
1231 1254 1265 1298 ea
1290 1251 1336 1295 una

152 1353 157 1374 =
271 1342 351 1409 parte
366 1342 394 1393 et
408 1330 484 1393 dom.
502 1329 658 1412 Guigonem
687 1329 833 1393 Alamandi
860 1329 1002 1394 dominum
1018 1332 1054 1394 de
1078 1331 1212 1407 Uriatico,
1239 1331 1337 1393 nomine
1400 1381 1401 1408 2

272 1445 324 1490 suo
337 1441 365 1490 et
386 1428 527 1490 hominurn
541 1447 654 1490 suorum
670 1439 697 1490 et
716 1427 903 1490 universitatis
915 1428 951 1490 de
967 1427 1102 1505 Uriatico‚
1117 1448 1154 1492 ex
1170 1428 1255 1492 altera
1268 1447 1339 1508 super
1400 1431 1401 1502 l

272 1523 383 1607 pascuis
398 1538 425 1588 et
433 1525 644 1607 pasqueyragiis
656 1524 730 1588 dicte
746 1524 892 1605 parrochie
909 1539 937 1587 et
951 1525 1017 1589 dicti
1035 1524 1236 1602 mandamenti,
1258 1537 1284 1587 et
1297 1523 1338 1585 luit

237 1641 244 1654 ·
272 1622 472 1685 concordatum
487 1622 560 1684 inter
574 1634 668 1703 partes
686 1621 805 1702 predict.
828 1621 915 1684 videl.
932 1621 1008 1703 quod
1027 1621 1153 1685 homines
1169 1620 1339 1684 mandanenti
1400 1663 1401 1712 ἕ

272 1719 366 1782 Visilie
380 1732 408 1782 et
422 1719 579 1801 specialiter
591 1719 629 1782 illi
642 1719 678 1782 de
690 1718 847 1802 Herbeysio
878 1733 995 1801 possunt
1006 1733 1035 1783 et
1049 1719 1153 1783 debent
1167 1737 1339 1804 pasqueyrare
1400 1781 1401 1804 ,

272 1835 336 1880 cum
364 1816 528 1880 animalibus
556 1815 613 1879 suis
642 1836 730 1898 usque
757 1835 869 1880 crucem
885 1816 983 1878 Ramis
1003 1816 1157 1898 palmarum
1181 1818 1249 1881 Ville
1270 1822 1338 1879 Nove
1400 1807 1401 1812 ’

272 1933 323 1996 per
357 1914 582 1977 mandamentum
614 1926 643 1976 et
687 1913 857 1982 territorium
892 1912 1006 1976 Uriatici
1035 1914 1064 1976 in
1088 1915 1199 1996 pascuis
1225 1928 1253 1978 et
1282 1911 1339 1975 locis

273 2011 438 2076 comunibus
452 2032 468 2074 a
483 2011 543 2073 rivo
555 2009 665 2072 labente
683 2024 748 2074 ante
769 2010 881 2073 domum
897 2011 995 2074 vassal
1011 2003 1110 2093 ‘usque
1130 2011 1167 2074 ad
1193 2030 1286 2094 aquam
1310 2008 1338 2070 de

274 2109 397 2173 Samiaut
410 2128 461 2190 per
474 2121 563 2172 totum
582 2108 788 2189 appendentem
812 2107 848 2172 de
862 2108 984 2190 Aliquot,
1015 2122 1044 2172 et
1058 2124 1176 2190 possunt
1195 2123 1223 2174 et
1251 2108 1338 2172 debent
1400 2175 1401 2182 ἵ

272 2205 429 2268 inscindere
443 2205 518 2287 ligna
530 2219 558 2268 et
569 2205 707 2287 mayerias
722 2217 750 2267 et
767 2204 819 2267 alia
831 2205 883 2268 sibi
899 2206 1059 2269 neccesaria
1072 2207 1100 2270 in
1114 2225 1230 2269 nemore
1250 2205 1297 2269 sito
1316 2203 1338 2265 in
1400 2211 1401 2288 i

273 2303 337 2366 loco
361 2301 408 2384 qui
428 2316 545 2364 vocatur
565 2301 679 2384 Aliquot
700 2322 718 2365 a
737 2301 783 2365 via
810 2301 898 2365 veteri
923 2302 1051 2384 superius
1071 2324 1126 2385 qua
1144 2303 1339 2385 protenditura
1400 2297 1401 2348 l

274 2401 358 2464 domo
370 2399 486 2462 vassalli
499 2419 597 2462 versus
613 2400 705 2463 casale
722 2399 848 2476 Bruneti,
872 2399 937 2462 etsi
957 2399 1083 2462 homines
1100 2400 1135 2462 de
1150 2401 1243 2464 visilia
1258 2397 1340 2463 transi·
1400 2413 1401 2458 r

272 2497 341 2560 bant
357 2494 428 2558 ultra
451 2495 541 2558 dictos
556 2496 690 2559 terminos
709 2495 780 2558 infra
795 2494 1022 2558 mandamentum
1039 2495 1165 2573 Uriatici,
1181 2496 1246 2559 dicti
1269 2491 1340 2557 horni-

274 2611 325 2655 nes
338 2592 374 2655 de
399 2592 520 2656 Uriatico
535 2607 653 2674 possunt
668 2606 697 2655 et
712 2592 817 2656 debent
840 2593 935 2654 levare
959 2593 1077 2675 pignora
1098 2607 1127 2656 et
1153 2594 1214 2676 ipsa
1237 2591 1338 2656 reddere

275 2689 426 2753 castellano
438 2690 531 2754 Visilie
541 2690 588 2771 qui
601 2689 685 2753 iaciat
699 2690 791 2753 lacere
806 2689 971 2773 eymendam
986 2689 1108 2772 dampno
1122 2711 1216 2772 passe.

316 2805 386 2869 915.
404 2794 484 2863 Item,
502 2787 589 2869 quod.
604 2786 681 2868 publ.
700 2786 914 2872 instrumentum
930 2788 1063 2870 scriptum
1078 2808 1161 2851 manu
1178 2789 1241 2852 Joh.
1254 2783 1336 2850 iuliani

275 2884 388 2963 notarii,
406 2883 458 2948 sub
473 2903 547 2948 anno
574 2891 684 2968 incarn.
712 2885 767 2947 uni
785 2888 959 2963 Mollchxll,
978 2899 1022 2948 vr0
1035 2905 1124 2949 nonas
1143 2887 1248 2963 marcii,
1266 2879 1337 2947 'conti-
1400 2953 1401 2964 ἶ

275 3000 345 3046 nens
360 2981 435 3064 quod
450 2982 526 3045 dom.
545 2980 707 3044 Guillelmus
721 2981 756 3044 de
778 2981 938 3047 Morestello
954 2982 1044 3058 miles,
1058 2982 1130 3045 iilius
1142 2983 1216 3045 dom*
1231 2979 1299 3046 Petri
1309 2978 1336 3038 de
1400 2973 1401 3046 ζ

276 3079 448 3158 Morestello,
465 3077 592 3142 vendidit
601 3078 679 3141 dom⁰
693 3085 778 3142 Petro
792 3078 903 3140 Aumcii
918 3079 1007 3157 militi,
1025 3079 1103 3142 dom⁰
1116 3081 1219 3144 Montis
1232 3076 1335 3152 Bonodi,
1400 3119 1401 3136 r

275 3177 406 3240 vicariam
423 3195 505 3258 quarn
522 3175 595 3237 idem
606 3175 636 3238 d.
654 3175 816 3238 Guillelmus
828 3175 949 3240 habebat
958 3177 987 3239 in
996 3178 1193 3242 mandamento
1210 3193 1237 3242 et
1246 3176 1337 3241 territo

275 3273 318 3337 rio
336 3273 438 3336 Montis
455 3271 576 3349 Bonodi,
589 3291 644 3334 una
661 3272 863 3353 cumpluribus
880 3273 1015 3350 serviciis,
1031 3275 1134 3356 usagiis
1148 3297 1203 3358 que
1217 3272 1337 3358 percipie·
1400 3277 1401 3318 l

276 3370 325 3435 bat
337 3370 427 3434 dictus
439 3368 469 3432 d.
486 3376 521 3432 G.
538 3369 566 3431 in
579 3368 693 3446 mansis,
701 3369 875 3433 chabanariis
887 3384 915 3433 et
924 3369 1061 3435 bordariis
1073 3372 1140 3436 dicti
1155 3368 1335 3442 mandamenti‚
1400 3355 1401 3390 ³

276 3469 323 3552 qui
344 3467 469 3550 quidem*
483 3485 583 3530 census
611 3477 640 3530 et
663 3466 759 3548 usagia
783 3467 813 3530 in
842 3466 918 3530 dicto
939 3466 1030 3531 instat⁰
1058 3469 1237 3536 nominantur
1255 3481 1282 3533 et
1297 3466 1339 3527 de-
1400 3523 1401 3542 ,

277 3566 433 3650 signantur.

317 3664 386 3750 916.
402 3670 482 3740 ltem,
494 3661 581 3746 quod.
592 3657 670 3744 publ.
684 3661 896 3727 instrumentum
907 3661 1039 3745 scripturn
1050 3682 1134 3726 manu
1144 3653 1338 3728 Petrihmselni
1400 3705 1401 3732 ,

277 3763 389 3840 notarii,
406 3761 457 3825 sub
474 3779 548 3824 anno
566 3762 620 3824 Diri
636 3764 857 3838 Mulcuxxvu,
875 3770 929 3824 ιιιιο
948 3761 1011 3824 idus
1026 3761 1131 3843 aprilis,
1148 3762 1288 3825 continens
1301 3774 1338 3818 re-

276 3860 582 3948 cognicionem'factam
604 3861 684 3923 dom⁰
707 3867 792 3925 Petro
813 3859 924 3923 Aurucii
948 3879 999 3942 per
1025 3859 1176 3924 Guelisium
1199 3847 1337 3944 dyaconun

277 3963 313 4027 de
323 3959 446 4043 pluribus
462 3957 592 4021 censibus
606 3959 743 4022 contentis
757 3958 785 4021 in
795 3957 856 4039 ipso
873 3958 992 4022 inserte,
1003 3994 1040 4009 -
1062 3977 1131 4041 917.
1149 3967 1227 4036 ltem,
1243 3957 1276 4022 al.
1290 3955 1338 4016 ins-

277 4071 445 4124 trumentum
458 4054 487 4117 in
502 4053 575 4117 dicta
589 4055 661 4135 pelle
678 4055 809 4138 scriptum
823 4072 905 4117 manu
932 4055 998 4120 dicti
1013 4061 1047 4118 P.
1064 4056 1206 4132 hmselmi,
1229 4073 1296 4118 anno
1317 4062 1339 4112 et

279 4156 323 4223 die
339 4154 439 4238 quibus
451 4170 546 4236 supra,
560 4152 705 4218 continens
730 4153 806 4236 quod
827 4159 910 4236 Hugo
926 4153 993 4218 Rica
1005 4167 1034 4217 et
1049 4154 1189 4218 Helisabel
1207 4155 1263 4235 eius
1281 4164 1338 4213 uror
