2936 4898
572 427 728 490 -7,-

160 557 219 618 359.
237 546 317 614 Item,
336 539 413 619 quid.
432 540 537 618 rotulus
561 539 755 622 pergamineus
768 539 915 602 continens
930 539 1126 624 transcriptum
1143 540 1190 604 lit·
1250 611 1254 618 ⁸

121 647 229 696 teramm
245 648 273 696 et
289 634 425 715 quosdam
439 635 570 699 articulos
584 656 668 717 super
686 637 759 699 lacto
774 635 948 701 Pisanczani.

158 731 218 808 360.
252 739 331 806 Item,
350 732 437 812 quod.
454 732 528 794 aliud
540 732 757 802 instrumentum
775 731 908 812 scriptum
931 751 1014 793 manu
1027 732 1131 794 hlberti
1154 733 1190 796 de

123 827 222 910 Brayda
236 827 336 890 notarii
368 828 459 910 publ,
482 829 533 890 sub
551 848 623 891 anno
654 828 707 890 Diri
731 828 1047 904 M⁰cc0xc⁰V11⁰,scil.
1069 829 1113 894 die
1126 828 1190 892 festi

122 925 238 986 Omnium
270 931 446 999 Sanctorum,
464 926 610 988 continens
638 925 796 1009 homagium
815 924 960 1005 prestitum
989 924 1068 986 dom⁰
1094 939 1190 988 nostro

121 1019 239 1101 dalphino
256 1040 307 1101 per
321 1021 448 1082 nobilem·
469 1021 617 1084 Falconem
633 1019 773 1083 dominum
801 1020 903 1083 Montis
919 1020 1043 1096 Scanuti,
1060 1021 1190 1104 homagio

122 1128 145 1177 et
155 1115 283 1179 fidelitate
295 1115 400 1178 domini
410 1116 585 1179 clarimontis
598 1136 708 1199 semper
721 1116 798 1180 salva
812 1127 833 1178 ¹.

157 1213 219 1291 361.
233 1221 314 1288 Item,
329 1212 416 1294 quod.
430 1213 507 1294 publ.
524 1215 736 1276 instrumentum
757 1211 890 1294 scriptum
906 1231 989 1274 manu
1003 1213 1135 1277 iohannis
1154 1213 1190 1276 de

123 1315 213 1372 Sancto
232 1308 379 1391 Dyonisio,
395 1310 447 1372 sub
460 1330 534 1373 anno
565 1311 619 1373 Dr'ri
641 1315 828 1385 M⁰CCC⁰VI⁰,
845 1308 890 1370 die
912 1310 1092 1374 viromensis
1121 1331 1188 1394 sep-

121 1407 226 1482 tenbris,
244 1405 390 1468 continens
402 1407 545 1487 pactiones
555 1421 583 1470 et
595 1406 802 1470 convenciones
815 1404 924 1468 habitas
942 1418 970 1468 et
989 1406 1092 1485 juratas
1109 1421 1121 1452 ²
1139 1427 1189 1490 per

121 1503 317 1566 illustresviros
331 1501 403 1565 dnos
427 1487 610 1566 Humbeitum
635 1503 795 1585 dalphinum
812 1501 1009 1579 Viennensem,
1037 1503 1191 1568 iohannem

124 1599 241 1682 halphini
251 1599 382 1662 comitem
392 1600 788 1680 vapincensemetGuidonem
796 1597 1188 1679 Dalphini‚ejusdemliberos,

123 1715 152 1758 en
167 1716 222 1759 una
240 1709 320 1777 parte
335 1709 363 1758 et
382 1696 489 1760 nobiles
506 1696 584 1759 dom.
602 1697 762 1758 Drodonem
778 1694 919 1756 dominum
937 1695 972 1756 de
990 1695 1129 1758 Bellovisu
1155 1697 1190 1759 de

124 1800 209 1856 Marco
223 1805 252 1856 et
266 1792 423 1874 Guigonem
438 1794 497 1873 ejus
511 1793 608 1869 filium,
622 1793 734 1855 nomine
761 1792 851 1856 Roleti
877 1791 925 1854 filii
951 1794 1023 1855 domi
1049 1793 1189 1874 Rodulphi

125 1890 219 1952 domini
235 1890 354 1953 condam
369 1888 404 1951 de
429 1889 655 1966 intermontibus,
683 1889 778 1970 generi
808 1889 874 1951 dicti
896 1889 974 1951 dom.
992 1888 1141 1967 Drodonis‚
1157 1909 1192 1951 ex

124 1987 211 2064 altera,
231 2007 316 2069 super
342 1987 538 2069 recognicione
560 2001 590 2050 et
616 1987 807 2050 convencione
834 1985 961 2049 iacienda
983 1985 1019 2048 de
1038 1999 1130 2048 castro
1156 1987 1191 2049 de

127 2085 331 2148 intermontibus
344 2104 395 2165 per
410 2084 513 2147 dictum
526 2083 665 2146 Roletum.
1000 2077 1013 2103 ⁶

163 2183 224 2261 362.
255 2190 335 2257 Item,
364 2182 450 2263 quod.
472 2180 550 2262 publ.
579 2181 791 2244 instrumentum
819 2197 902 2241 manu
925 2178 1023 2262 Jacobi
1046 2179 1188 2242 Chaurerii

125 2279 214 2342 notarii
227 2277 318 2361 publ.,
331 2277 383 2340 sub
391 2297 464 2341 auno
472 2278 526 2340 uni
538 2285 789 2354 M⁰cc⁰uxx⁰vtt,
801 2277 885 2340 indic.
899 2291 940 2354 vt,
955 2296 1052 2339 mense
1061 2276 1190 2356 januarii,
1286 2343 1288 2354 ‚

126 2376 166 2438 die
179 2376 239 2438 lune
249 2389 314 2458 post
323 2375 424 2438 festum
438 2375 465 2437 b¹
476 2375 616 2452 Anthonii,
633 2375 779 2438 continens
791 2375 866 2456 quod
880 2373 980 2437 nobilis
990 2373 1032 2435 vir
1044 2374 1192 2457 hynardus

127 2472 159 2534 de
171 2479 262 2536 Cmtro
277 2479 361 2534 Novo
377 2471 455 2534 dedit
467 2471 619 2534 donatione
630 2471 702 2534 inter
715 2472 796 2534 vivos
818 2471 855 2532 ill
871 2471 932 2533 viro
944 2471 1020 2533 dom.
1038 2472 1192 2534 Humberto

128 2569 228 2631 domino
241 2570 276 2632 de
289 2576 379 2632 Turre
390 2588 473 2632 omne
487 2568 531 2649 jus
549 2583 578 2632 et
590 2589 700 2631 omnem
731 2561 868 2632 actionem
897 2568 973 2650 quod
989 2582 1018 2630 et
1031 2589 1113 2650 quam
1134 2567 1193 2650 ipse

129 2665 261 2748 hynardus
277 2665 362 2730 habet
377 2665 423 2728 vel
436 2666 539 2738 habere
550 2666 685 2747 possetin
700 2677 793 2727 castro
808 2684 857 2731 seu
873 2665 1005 2728 domo‘de
1020 2666 1193 2728 Pisanczano

130 2765 263 2842 occasione
277 2764 466 2833 concessionis
480 2778 508 2828 et
517 2763 633 2828 instituti
642 2764 770 2829 lacteseu
783 2762 848 2826 lacti
862 2764 952 2827 eidem
964 2765 1095 2848 hynardo
1111 2785 1194 2827 ano-

131 2859 236 2940 hiliviro
248 2861 325 2926 dom.
343 2861 484 2924 Lanberto
499 2861 534 2926 de
550 2860 684 2936 Cabeolo,
701 2879 764 2924 cum
781 2859 909 2924 omnibus
925 2861 1065 2937 dominiis,
1089 2861 1198 2940 juribus

132 2958 339 3039 etpeninentiis.

167 3055 227 3134 363.
255 3064 336 3132 Item,
353 3055 437 3137 qued.
456 3055 593 3134 scriptura
617 3055 690 3118 lacta
713 3055 765 3118 sub
794 3073 868 3116 anno
897 3053 951 3118 Diri
978 3059 1193 3128 M⁰CC⁰XL1X0,

133 3153 262 3224 continens
275 3151 352 3234 quod
366 3152 443 3214 dom.
466 3151 557 3232 Guigo
577 3151 724 3233 dalphinus
739 3151 813 3214 hone
827 3150 960 3216 memorie
981 3149 1045 3213 fecit
1059 3169 1156 3230 pacem
1167 3163 1195 3213 et

136 3251 300 3313 concordiam
323 3250 395 3312 inter
416 3249 572 3311 Berlionem
590 3261 598 3303 3
624 3250 659 3312 de
677 3256 776 3327 Turre,
795 3249 939 3312 dominum
955 3249 990 3310 de
1006 3247 1151 3325 vimiaco,
1169 3262 1197 3312 et

134 3347 182 3429 ejps
196 3349 320 3414 homines
331 3367 367 3412 en
380 3366 435 3410 una
451 3360 529 3428 parte
543 3361 571 3410 et
587 3347 760 3413 Odobertum
772 3345 913 3410 domiuum
938 3346 973 3436 de
989 3352 1087 3408 Castro
1114 3352 1196 3408 Novo

134 3437 221 3527 eteius
233 3447 360 3510 homines
374 3465 410 3508 ex
425 3445 522 3523 altera,
550 3464 634 3526 super
651 3443 761 3526 dapnis,
782 3442 888 3528 injuriis
912 3455 940 3504 et
965 3440 1119 3504 homicidiis
1133 3440 1196 3520 hinc

133 3543 187 3626 inde
203 3545 292 3624 lactis.

170 3643 229 3719 364.
249 3627 329 3717 ltem,
341 3640 426 3721 qued.
443 3641 539 3704 lietera
553 3639 699 3704 continens
714 3637 789 3718 quod
806 3636 881 3698 dom.
899 3634 1001 3716 Guigo,
1014 3632 1141 3695 dominus
1162 3631 1201 3698 de

136 3737 242 3817 Tullino,
255 3739 401 3802 confessus
413 3738 463 3800 luit
475 3736 603 3800 habuisse
618 3757 635 3798 a
649 3735 727 3798 doma
744 3733 881 3808 Beatrice,
901 3733 1006 3795 Vienue
1029 3746 1057 3794 et
1083 3731 1198 3794 Albonis

135 3834 287 3919 colmlitissa
311 3849 340 3898 et
367 3835 477 3898 domina
500 3833 673 3916 Fucigniaci,
702 3835 773 3896 lex
796 3831 880 3894 libras
902 3830 1040 3893 bonorum
1061 3830 1196 3894 viennen.

171 4071 191 4112 r.
204 4056 240 4111 En
255 4075 286 4114 m.
303 4055 468 4134 Perquiratur
482 4057 515 4113 ad
528 4055 653 4112 sciendum
675 4054 694 4112 si
709 4033 906 4134 recognocitilla
918 4070 967 4128 que
977 4053 1051 4110 habet
1066 4052 1089 4110 in
1101 4053 1199 4111 manda·

139 4133 210 4206 mento
222 4127 310 4208 San—cti¹
319 4127 438 4206 Stephani
449 4125 479 4183 de
493 4128 587 4204 Sancto
601 4129 678 4182 luens.
696 4155 728 4167 -
746 4143 770 4182 2.
786 4127 806 4180 A
821 4133 903 4198 prat.
920 4156 953 4168 —
970 4143 993 4197 3.
1010 4127 1031 4179 Α
1046 4123 1128 4180 Berel.
