2842 4900
536 485 715 552 ..279-

91 593 228 658 bominem
244 577 394 660 vasallum
413 611 442 662 et
458 597 599 683 hd(el)em
611 601 689 663 dorn⁸
708 600 858 684 B(eatrici)
875 600 980 664 vienne
1001 615 1029 664 et
1046 583 1164 664 ¹elbonis

91 689 227 756 comitisse
242 712 277 756 ac
290 694 402 758 domine
423 696 582 776 Fucigniaci
611 710 639 760 et
658 696 747 760 eidem
763 696 882 778 prestitit
898 695 1055 780 homagium
1070 695 1164 778 ligium
1234 755 1237 762 .

91 802 117 850 et
129 787 302 866 fidelitatem,
318 793 395 856 salva
411 791 543 857 hdelitate
552 808 581 857 et
592 795 722 876 homagio
737 794 837 876 quibus
845 807 956 856 tenetur
968 794 1045 856 dom⁰
1058 800 1165 876 hymo-

90 882 219 948 nicomiti
233 888 409 952 Gebennensi
424 903 452 952 et
463 890 540 952 revd⁰
554 889 624 971 patri
639 890 715 952 dom.
736 890 889 972 lt(oberto)
903 889 1035 971 episcopo
1050 890 1165 954 Geben-

90 981 178 1058 nemi,
193 995 223 1044 et
238 985 347 1065 accepit
360 986 396 1048 ab
414 985 511 1050 eadem
526 986 637 1049 domina
653 1000 681 1049 et
701 986 804 1049 habere
828 986 914 1048 voluit
939 986 967 1048 in
993 984 1117 1048 feudum·
1128 985 1164 1050 ab

91 1077 186 1140 eadem
197 1080 338 1143 comitissa
347 1101 365 1142 x
375 1081 458 1144 libras
472 1084 604 1146 annuales
620 1101 689 1164 quas
702 1081 841 1164 promictit
849 1083 990 1164 assignare
1002 1096 1031 1145 et
1044 1096 1166 1148 assetare

90 1174 124 1238 ad
134 1174 240 1238 dictum
249 1190 279 1240 et
287 1178 430 1243 arbitrium
444 1179 612 1262 Fran(cisci)
625 1180 660 1242 de
672 1179 817 1260 Lucingio,
826 1179 952 1242 canonici
961 1179 1165 1258 Gebennensis,

90 1291 140 1352 pro
165 1272 265 1354 quibus
289 1275 378 1340 voluit
402 1296 463 1340 esse
489 1277 572 1342 homo
588 1291 617 1340 et
644 1277 778 1340 vamallus
801 1277 963 1340 dictedoru.
978 1277 1117 1342 comitisse
1137 1290 1168 1341 ut

91 1388 185 1452 supra.
259 1431 263 1440 ,
1155 1419 1158 1424 -

133 1485 187 1548 ¹57
194 1487 221 1549 5.
249 1476 329 1547 ltem,
345 1470 431 1552 qued.
460 1469 555 1534 lietera
580 1471 670 1554 sigillo
691 1470 765 1534 dom¹
779 1468 904 1533 officialis
925 1469 1116 1535 Gebennensis
1138 1473 1167 1536 in

90 1565 221 1645 pendenti
234 1568 363 1648 sigillata,
377 1569 480 1649 scripta
492 1569 544 1632 sub
572 1589 645 1632 anno
672 1568 726 1631 nni
754 1575 997 1646 M⁰CC⁰Lxx0ll⁰,
1023 1570 1167 1634 continens

93 1658 298 1725 c'onlessionem
313 1678 341 1726 et
363 1665 585 1754 reeognicionem
597 1667 699 1730 factam
712 1685 763 1748 per
778 1667 931 1728 iohannem
947 1666 982 1728 de
997 1673 1129 1749 Mayreus
1141 1679 1169 1730 et

29 1767 31 1772 '
91 1758 251 1842 homagium
265 1761 411 1842 prestitum
423 1782 475 1843 per
488 1763 628 1840 eumdem,
643 1762 720 1826 salva
734 1762 865 1826 fidelitate
880 1762 983 1824 domini
993 1761 1058 1846 (de)
1070 1769 1164 1846 Gayo.

88 1882 96 1896 ·
133 1858 220 1938 1576.
237 1865 317 1935 ltem,
336 1859 420 1941 qued.
436 1860 527 1924 littera
541 1881 557 1922 a
570 1861 646 1924 curia
658 1861 731 1922 dom'
746 1859 870 1922 officialis
883 1860 1016 1922 Gebenne
1026 1873 1163 1936 emanata,

90 1955 193 2036 scripta
209 1956 262 2018 sub
275 1975 349 2018 anno
368 1957 422 2019 oni
438 1963 538 2021 M⁰CC⁰
552 1970 663 2039 octuag.
685 1963 747 2034 lX0,
763 1975 845 2019 manu
861 1956 985 2038 Amedey
999 1955 1034 2017 de
1052 1956 1168 2018 Vendo·

89 2071 150 2126 nes,
167 2051 270 2116 clerico
294 2052 367 2116 dicte
396 2053 483 2130 curie,
500 2055 645 2117 continens
670 2053 745 2136 quod
761 2060 860 2116 Petrus
873 2053 908 2114 de
925 2051 1061 2115 Terniaco
1075 2052 1168 2114 domi·-

90 2148 176 2210 cellus
190 2148 335 2212 confessus
349 2149 400 2212 fuit
413 2169 443 2212 se
456 2163 552 2214 tenere
564 2151 592 2212 in
609 2150 721 2215 feudum
737 2150 772 2213 ab
798 2149 890 2212 inclita
907 2149 982 2210 dom.
1009 2147 1166 2231 B(eatrice)

91 2243 204 2306 domina
223 2244 390 2326 .Fucigniaei
405 2246 584 2310 hereditatem
614 2247 686 2310 dom¹
715 2247 836 2308 Ramusii
858 2247 894 2308 de
920 2245 1056 2308 Terniaco
1078 2245 1169 2308 militis

91 2341 219 2416 condam,
233 2341 278 2404 avi
287 2343 374 2424 ipsius
389 2344 476 2421 Petri,
490 2345 536 2427 qui
546 2345 634 2420 dom.
655 2345 801 2408 Ramusius
825 2344 915 2407 eidem
929 2344 1040 2406 domine
1055 2343 1169 2406 teneba-

90 2452 134 2500 tur
149 2437 185 2500 ad
199 2438 358 2520 homagium
377 2441 471 2523 ligium
496 2456 524 2505 et
541 2442 630 2506 dictus
645 2449 743 2504 Petrus
758 2461 813 2504 non
834 2454 943 2522 poterat
963 2440 1055 2503 lacere
1074 2440 1167 2522 ligium

92 2535 253 2617 homagium
266 2537 368 2613 eidem,
383 2538 436 2600 nisi
448 2539 524 2602 salva
540 2539 672 2601 fidelitate
696 2539 769 2601 dom'
790 2537 898 2601 comitis
929 2537 1120 2600 Gebennensis
1140 2550 1169 2600 et

92 2631 165 2695 dom¹
178 2632 303 2714 episcopi
321 2633 530 2716 Lingoniensis;
546 2636 619 2698 idem
644 2642 742 2698 Petrus
758 2635 824 2698 lecit
835 2635 925 2697 eidem
951 2635 1062 2697 domine
1076 2635 1170 2698 homa·

93 2729 167 2808 gium
177 2743 207 2793 et
220 2728 392 2810 fidelitatem,
406 2732 484 2795 selvo
500 2732 629 2814 homagio
644 2731 793 2813 peripsum
810 2730 885 2793 facto
905 2731 982 2794 dom⁰
996 2731 1128 2813 episcopo
1142 2743 1170 2793 et

93 2825 185 2892 comiti
199 2829 366 2911 supradict,
391 2843 419 2893 et
440 2831 565 2912 promisit
590 2829 747 2912 homagium
761 2829 856 2910 ligium
876 2849 927 2911 per
948 2830 1066 2912 primum
1083 2829 1167 2891 filiurn

94 2943 172 2998 suurn
187 2938 216 2988 et
231 2925 337 2988 servire
348 2939 378 2991 ut
394 2926 474 3008 ligius
488 2927 579 2990 donec
592 2926 659 2989 dict.
673 2924 745 2988 lilius
755 2926 863 2988 venerit
877 2927 912 2988 ad
925 2940 1037 3003 etatem,
1056 2939 1084 2988 et
1099 2945 1172 2988 con·

94 3021 182 3084 lessus
193 3021 286 3085 fuitse
301 3035 398 3086 tenere
410 3023 439 3086 in
453 3021 566 3086 feudum
582 3021 719 3084 adomina
732 3022 857 3103 predicta
871 3023 963 3084 villain
978 3022 1013 3084 de
1024 3028 1131 3104 Crueys
1140 3033 1170 3083 et

95 3119 261 3200 generaliter
276 3119 406 3201 quicquid
432 3119 499 3184 dict.
518 3120 664 3182 Ramusius
690 3118 803 3182 tenebat
822 3119 928 3182 invilla
948 3118 1072 3200 predicta
1093 3129 1121 3180 et
1135 3115 1170 3178 de

96 3222 188 3281 hnaz.
973 3275 975 3282 ,

139 3333 224 3396 1577·
242 3321 323 3390 ltern,
339 3314 426 3396 quod.
436 3315 472 3377 al.
488 3314 567 3396 publ.
580 3315 791 3378 instrumentum
818 3313 951 3394 scriptum
965 3330 1048 3375 noenu
1070 3309 1171 3374 llumb¹

98 3409 176 3474 Pilati
188 3424 249 3474 not.
263 3409 331 3493 pub.
343 3410 395 3474 sub
412 3431 485 3474 anno
501 3412 554 3474 Diri
565 3417 815 3488 tt⁰ccc⁰xxxv0,
841 3403 927 3473 indic.
954 3427 995 3485 ιιι,
1024 3407 1069 3469 die
1092 3423 1171 3469 xxrrrr

97 3508 197 3570 mensis
211 3507 381 3584 novembris,
398 3507 542 3571 continens
558 3508 632 3591 quod
658 3506 839 3589 Raymondus
859 3505 930 3568 filius
944 3504 1062 3567 condarn
1078 3510 1169 3566 Hunn-

99 3605 167 3669 berti
182 3606 218 3669 de
230 3605 413 3668 Faramaucio
433 3606 581 3687 iurisperitl
595 3605 739 3668 confessus
750 3604 801 3667 luit
812 3623 842 3667 se
857 3623 918 3684 esse
928 3602 1066 3666 hominem
1078 3601 1172 3682 ligium

99 3703 144 3765 ill¹¹
154 3703 288 3785 principis
302 3705 377 3766 dom.
397 3704 541 3766 Humberti
559 3702 680 3784 dalphini
694 3701 858 3764 Viennensis
873 3715 901 3764 et
914 3699 1017 3762 domini
1028 3713 1101 3763 terre
1117 3705 1176 3761 Fu-

101 3801 225 3883 cigniaci,
240 3813 358 3882 excepto
370 3801 499 3884 homagio
513 3801 540 3862 in
555 3819 610 3882 quo
626 3811 737 3862 tenetur
751 3797 845 3861 abbati
854 3797 915 3860 hlte
930 3796 1047 3872 Combe,
1063 3809 1091 3861 et
1103 3815 1176 3859 con-

101 3898 187 3962 fessus
200 3898 251 3961 luit
263 3915 294 3960 se
303 3910 399 3960 tenere
411 3897 552 3960 abeodem
567 3895 676 3958 xlibras
690 3894 853 3957 Gebennen.
866 3893 949 3956 annui
970 3892 1094 3955 redditus
1106 3911 1175 3974 quas

101 3992 216 4076 percipit
225 3995 253 4057 in
262 3994 457 4056 mandamento
482 3993 565 4058 castri
589 3991 765 4068 castillionis,
786 3993 838 4056 sita
853 3992 882 4055 in
900 4006 974 4056 terra
994 3989 1173 4074 Fucigniacii,

103 4093 245 4172 continens
260 4093 348 4182 eciam
366 4091 512 4156 terminum
527 4093 582 4172 jam
601 4092 724 4174 elapsum
742 4090 795 4154 sibi
815 4089 951 4173 prolixum
975 4089 1011 4154 ad
1035 4107 1176 4171 recogno-

104 4188 244 4254 scendum.
853 4185 855 4190 ’
