<?xml version="1.0" encoding="UTF-8"?>
<!DOCTYPE html PUBLIC "-//W3C//DTD XHTML 1.0 Transitional//EN"
    "http://www.w3.org/TR/xhtml1/DTD/xhtml1-transitional.dtd">
<html xmlns="http://www.w3.org/1999/xhtml" xml:lang="en" lang="en">
 <head>
  <title>
</title>
<meta http-equiv="Content-Type" content="text/html;charset=utf-8" />
  <meta name='ocr-system' content='tesseract 3.04.00' />
  <meta name='ocr-capabilities' content='ocr_page ocr_carea ocr_par ocr_line ocrx_word'/>
</head>
<body>
  <div class='ocr_page' id='page_1' title='image "./inventairedesar00glgoog/inventairedesar00glgoog_0061.png"; bbox 0 0 2936 4898; ppageno 0'>
   <div class='ocr_carea' id='block_1_1' title="bbox 723 411 879 474">
    <p class='ocr_par' dir='ltr' id='par_1_1' title="bbox 723 411 879 474">
     <span class='ocr_line' id='line_1_1' title="bbox 723 411 879 474; baseline 0.013 -16"><span class='ocrx_word' id='word_1_1' title='bbox 723 411 879 474; x_wconf 73' lang='lat'>„26-</span> 
     </span>
    </p>
   </div>
   <div class='ocr_carea' id='block_1_2' title="bbox 257 538 1339 2271">
    <p class='ocr_par' dir='ltr' id='par_1_2' title="bbox 257 538 1337 1396">
     <span class='ocr_line' id='line_1_2' title="bbox 258 538 1333 615; baseline 0 -15"><span class='ocrx_word' id='word_1_2' title='bbox 258 551 335 600; x_wconf 87' lang='lat' dir='ltr'><strong>tenet</strong></span> <span class='ocrx_word' id='word_1_3' title='bbox 345 538 381 600; x_wconf 91' lang='lat' dir='ltr'><strong>ab</strong></span> <span class='ocrx_word' id='word_1_4' title='bbox 397 539 495 603; x_wconf 86' lang='lat' dir='ltr'><strong>eodem</strong></span> <span class='ocrx_word' id='word_1_5' title='bbox 511 539 587 601; x_wconf 92' lang='lat' dir='ltr'><strong>dom.</strong></span> <span class='ocrx_word' id='word_1_6' title='bbox 611 539 769 602; x_wconf 77' lang='lat' dir='ltr'><strong>Anhaudus</strong></span> <span class='ocrx_word' id='word_1_7' title='bbox 782 540 818 602; x_wconf 89' lang='lat' dir='ltr'><strong>de</strong></span> <span class='ocrx_word' id='word_1_8' title='bbox 835 547 938 603; x_wconf 90' lang='lat' dir='ltr'><strong>Sancto</strong></span> <span class='ocrx_word' id='word_1_9' title='bbox 955 547 1107 615; x_wconf 85' lang='lat' dir='ltr'><strong>Germano,</strong></span> <span class='ocrx_word' id='word_1_10' title='bbox 1126 539 1190 601; x_wconf 88' lang='lat' dir='ltr'><strong>item</strong></span> <span class='ocrx_word' id='word_1_11' title='bbox 1216 551 1333 600; x_wconf 84' lang='lat' dir='ltr'>castrum</span> 
     </span>
     <span class='ocr_line' id='line_1_3' title="bbox 261 635 1330 718; baseline 0 -21"><span class='ocrx_word' id='word_1_12' title='bbox 261 635 366 717; x_wconf 86' lang='lat' dir='ltr'><strong>Ruppis</strong></span> <span class='ocrx_word' id='word_1_13' title='bbox 392 635 506 699; x_wconf 81' lang='lat' dir='ltr'><strong>Molerie</strong></span> <span class='ocrx_word' id='word_1_14' title='bbox 526 637 601 718; x_wconf 90' lang='lat' dir='ltr'><strong>quod</strong></span> <span class='ocrx_word' id='word_1_15' title='bbox 622 651 699 700; x_wconf 87' lang='lat' dir='ltr'><strong>tenet</strong></span> <span class='ocrx_word' id='word_1_16' title='bbox 712 638 748 700; x_wconf 95' lang='lat' dir='ltr'><strong>ab</strong></span> <span class='ocrx_word' id='word_1_17' title='bbox 764 638 863 701; x_wconf 90' lang='lat' dir='ltr'><strong>eodem</strong></span> <span class='ocrx_word' id='word_1_18' title='bbox 885 638 962 700; x_wconf 90' lang='lat' dir='ltr'><strong>dom.</strong></span> <span class='ocrx_word' id='word_1_19' title='bbox 982 636 1119 699; x_wconf 82' lang='lat' dir='ltr'><strong>Briandus</strong></span> <span class='ocrx_word' id='word_1_20' title='bbox 1138 636 1173 698; x_wconf 92' lang='lat' dir='ltr'><strong>de</strong></span> <span class='ocrx_word' id='word_1_21' title='bbox 1195 635 1330 718; x_wconf 85' lang='lat' dir='ltr'><strong>Layriaco</strong></span> 
     </span>
     <span class='ocr_line' id='line_1_4' title="bbox 259 732 1334 817; baseline -0.001 -22"><span class='ocrx_word' id='word_1_22' title='bbox 259 732 347 809; x_wconf 89' lang='lat' dir='ltr'><strong>miles,</strong></span> <span class='ocrx_word' id='word_1_23' title='bbox 361 733 428 796; x_wconf 90' lang='lat' dir='ltr'><strong>item</strong></span> <span class='ocrx_word' id='word_1_24' title='bbox 441 747 561 796; x_wconf 80' lang='lat' dir='ltr'><strong>castrum</strong></span> <span class='ocrx_word' id='word_1_25' title='bbox 575 735 612 798; x_wconf 92' lang='lat' dir='ltr'><strong>de</strong></span> <span class='ocrx_word' id='word_1_26' title='bbox 626 742 750 798; x_wconf 86' lang='lat' dir='ltr'><strong>Coteone</strong></span> <span class='ocrx_word' id='word_1_27' title='bbox 768 749 774 780; x_wconf 88' lang='lat'><em>¹</em></span> <span class='ocrx_word' id='word_1_28' title='bbox 800 736 875 817; x_wconf 91' lang='lat' dir='ltr'><strong>quod</strong></span> <span class='ocrx_word' id='word_1_29' title='bbox 899 748 976 798; x_wconf 86' lang='lat' dir='ltr'><strong>tenet</strong></span> <span class='ocrx_word' id='word_1_30' title='bbox 994 734 1030 797; x_wconf 90' lang='lat' dir='ltr'><strong>ab</strong></span> <span class='ocrx_word' id='word_1_31' title='bbox 1052 754 1087 797; x_wconf 91' lang='lat' dir='ltr'><strong>eo</strong></span> <span class='ocrx_word' id='word_1_32' title='bbox 1108 734 1209 797; x_wconf 80' lang='lat' dir='ltr'>comite</span> <span class='ocrx_word' id='word_1_33' title='bbox 1228 732 1334 804; x_wconf 81' lang='lat' dir='ltr'><strong>Foresii</strong></span> 
     </span>
     <span class='ocr_line' id='line_1_5' title="bbox 257 829 1335 916; baseline -0.001 -25"><span class='ocrx_word' id='word_1_34' title='bbox 257 829 334 892; x_wconf 91' lang='lat' dir='ltr'><strong>dom.</strong></span> <span class='ocrx_word' id='word_1_35' title='bbox 362 831 553 896; x_wconf 86' lang='lat' dir='ltr'><strong>Gaudemarus</strong></span> <span class='ocrx_word' id='word_1_36' title='bbox 570 833 605 895; x_wconf 90' lang='lat' dir='ltr'><strong>de</strong></span> <span class='ocrx_word' id='word_1_37' title='bbox 629 840 725 916; x_wconf 81' lang='lat' dir='ltr'><strong>Fayno</strong></span> <span class='ocrx_word' id='word_1_38' title='bbox 746 832 835 907; x_wconf 87' lang='lat' dir='ltr'><strong>miles,</strong></span> <span class='ocrx_word' id='word_1_39' title='bbox 856 833 922 896; x_wconf 87' lang='lat' dir='ltr'><strong>item</strong></span> <span class='ocrx_word' id='word_1_40' title='bbox 936 845 1057 896; x_wconf 86' lang='lat' dir='ltr'><strong>castrum</strong></span> <span class='ocrx_word' id='word_1_41' title='bbox 1073 831 1108 894; x_wconf 92' lang='lat' dir='ltr'><strong>de</strong></span> <span class='ocrx_word' id='word_1_42' title='bbox 1124 831 1237 894; x_wconf 91' lang='lat' dir='ltr'><strong>Velchia</strong></span> <span class='ocrx_word' id='word_1_43' title='bbox 1261 829 1335 910; x_wconf 91' lang='lat' dir='ltr'><strong>quod</strong></span> 
     </span>
     <span class='ocr_line' id='line_1_6' title="bbox 258 928 1335 1011; baseline -0.002 -20"><span class='ocrx_word' id='word_1_44' title='bbox 258 942 335 991; x_wconf 90' lang='lat' dir='ltr'><strong>tenet</strong></span> <span class='ocrx_word' id='word_1_45' title='bbox 351 929 388 991; x_wconf 92' lang='lat' dir='ltr'><strong>ab</strong></span> <span class='ocrx_word' id='word_1_46' title='bbox 401 929 463 1011; x_wconf 90' lang='lat' dir='ltr'><strong>ipso</strong></span> <span class='ocrx_word' id='word_1_47' title='bbox 477 930 553 992; x_wconf 90' lang='lat' dir='ltr'><strong>dom.</strong></span> <span class='ocrx_word' id='word_1_48' title='bbox 569 930 703 994; x_wconf 87' lang='lat' dir='ltr'><strong>Girardus</strong></span> <span class='ocrx_word' id='word_1_49' title='bbox 721 931 756 993; x_wconf 92' lang='lat' dir='ltr'><strong>de</strong></span> <span class='ocrx_word' id='word_1_50' title='bbox 777 929 942 994; x_wconf 85' lang='lat' dir='ltr'><strong>Rossillione</strong></span> <span class='ocrx_word' id='word_1_51' title='bbox 962 930 1060 1007; x_wconf 89' lang='lat' dir='ltr'><strong>miles;</strong></span> <span class='ocrx_word' id='word_1_52' title='bbox 1084 929 1228 993; x_wconf 91' lang='lat' dir='ltr'><strong>continens</strong></span> <span class='ocrx_word' id='word_1_53' title='bbox 1248 928 1335 991; x_wconf 89' lang='lat' dir='ltr'><strong>eciam</strong></span> 
     </span>
     <span class='ocr_line' id='line_1_7' title="bbox 258 1024 1337 1108; baseline -0.001 -22"><span class='ocrx_word' id='word_1_54' title='bbox 258 1024 416 1107; x_wconf 84' lang='lat' dir='ltr'><strong>homagium</strong></span> <span class='ocrx_word' id='word_1_55' title='bbox 433 1027 587 1108; x_wconf 88' lang='lat' dir='ltr'><strong>peripsum</strong></span> <span class='ocrx_word' id='word_1_56' title='bbox 602 1028 678 1091; x_wconf 90' lang='lat' dir='ltr'><strong>dom.</strong></span> <span class='ocrx_word' id='word_1_57' title='bbox 700 1028 829 1090; x_wconf 89' lang='lat' dir='ltr'><strong>comitem</strong></span> <span class='ocrx_word' id='word_1_58' title='bbox 851 1026 995 1108; x_wconf 87' lang='lat' dir='ltr'><strong>prestitum</strong></span> <span class='ocrx_word' id='word_1_59' title='bbox 1011 1027 1089 1088; x_wconf 84' lang='lat' dir='ltr'><strong>dom⁰</strong></span> <span class='ocrx_word' id='word_1_60' title='bbox 1101 1025 1243 1106; x_wconf 89' lang='lat' dir='ltr'><strong>dalphino,</strong></span> <span class='ocrx_word' id='word_1_61' title='bbox 1266 1042 1337 1085; x_wconf 91' lang='lat' dir='ltr'><strong>con-</strong></span> 
     </span>
     <span class='ocr_line' id='line_1_8' title="bbox 258 1119 1334 1204; baseline -0.003 -21"><span class='ocrx_word' id='word_1_62' title='bbox 258 1121 351 1184; x_wconf 89' lang='lat' dir='ltr'><strong>tinens</strong></span> <span class='ocrx_word' id='word_1_63' title='bbox 373 1121 460 1185; x_wconf 87' lang='lat' dir='ltr'><strong>eciam</strong></span> <span class='ocrx_word' id='word_1_64' title='bbox 475 1123 555 1204; x_wconf 89' lang='lat' dir='ltr'><strong>plura</strong></span> <span class='ocrx_word' id='word_1_65' title='bbox 579 1137 678 1204; x_wconf 88' lang='lat' dir='ltr'><strong>pacta,</strong></span> <span class='ocrx_word' id='word_1_66' title='bbox 703 1122 798 1204; x_wconf 91' lang='lat' dir='ltr'><strong>plures</strong></span> <span class='ocrx_word' id='word_1_67' title='bbox 821 1123 1045 1198; x_wconf 86' lang='lat' dir='ltr'><strong>convenciones,</strong></span> <span class='ocrx_word' id='word_1_68' title='bbox 1067 1119 1334 1195; x_wconf 73' lang='lat' dir='ltr'><strong>confederationes,</strong></span> 
     </span>
     <span class='ocr_line' id='line_1_9' title="bbox 259 1215 1336 1300; baseline -0.002 -21"><span class='ocrx_word' id='word_1_69' title='bbox 259 1218 460 1297; x_wconf 80' lang='lat' dir='ltr'><strong>confessiones,</strong></span> <span class='ocrx_word' id='word_1_70' title='bbox 475 1220 673 1300; x_wconf 63' lang='lat' dir='ltr'><strong>promissiones</strong></span> <span class='ocrx_word' id='word_1_71' title='bbox 686 1233 714 1282; x_wconf 88' lang='lat' dir='ltr'><strong>et</strong></span> <span class='ocrx_word' id='word_1_72' title='bbox 731 1219 927 1300; x_wconf 82' lang='lat' dir='ltr'><strong>obligationes,</strong></span> <span class='ocrx_word' id='word_1_73' title='bbox 946 1232 975 1281; x_wconf 89' lang='lat' dir='ltr'><strong>ut</strong></span> <span class='ocrx_word' id='word_1_74' title='bbox 1001 1217 1126 1299; x_wconf 89' lang='lat' dir='ltr'><strong>predicta</strong></span> <span class='ocrx_word' id='word_1_75' title='bbox 1144 1216 1236 1278; x_wconf 87' lang='lat' dir='ltr'><strong>omnia</strong></span> <span class='ocrx_word' id='word_1_76' title='bbox 1251 1215 1336 1280; x_wconf 91' lang='lat' dir='ltr'><strong>lacius</strong></span> 
     </span>
     <span class='ocr_line' id='line_1_10' title="bbox 259 1313 761 1396; baseline 0.004 -21"><span class='ocrx_word' id='word_1_77' title='bbox 259 1313 288 1376; x_wconf 91' lang='lat' dir='ltr'><strong>in</strong></span> <span class='ocrx_word' id='word_1_78' title='bbox 300 1314 366 1396; x_wconf 91' lang='lat' dir='ltr'><strong>ipso</strong></span> <span class='ocrx_word' id='word_1_79' title='bbox 375 1315 558 1379; x_wconf 87' lang='lat' dir='ltr'><strong>instrumento</strong></span> <span class='ocrx_word' id='word_1_80' title='bbox 572 1317 761 1380; x_wconf 88' lang='lat' dir='ltr'><strong>continentur.</strong></span> 
     </span>
    </p>

    <p class='ocr_par' dir='ltr' id='par_1_3' title="bbox 258 1411 1339 2271">
     <span class='ocr_line' id='line_1_11' title="bbox 304 1411 1338 1495; baseline -0.002 -21"><span class='ocrx_word' id='word_1_81' title='bbox 304 1431 312 1474; x_wconf 86' lang='lat'>1</span> <span class='ocrx_word' id='word_1_82' title='bbox 325 1430 368 1476; x_wconf 86' lang='lat' dir='ltr'><strong>ro.</strong></span> <span class='ocrx_word' id='word_1_83' title='bbox 381 1420 460 1491; x_wconf 90' lang='lat' dir='ltr'><strong>ltem,</strong></span> <span class='ocrx_word' id='word_1_84' title='bbox 476 1414 562 1495; x_wconf 92' lang='lat' dir='ltr'><strong>quod.</strong></span> <span class='ocrx_word' id='word_1_85' title='bbox 577 1413 651 1476; x_wconf 88' lang='lat' dir='ltr'><strong>ahud</strong></span> <span class='ocrx_word' id='word_1_86' title='bbox 668 1414 880 1477; x_wconf 78' lang='lat' dir='ltr'><strong>instrumentum</strong></span> <span class='ocrx_word' id='word_1_87' title='bbox 901 1411 1047 1474; x_wconf 90' lang='lat' dir='ltr'><strong>continens</strong></span> <span class='ocrx_word' id='word_1_88' title='bbox 1063 1411 1240 1474; x_wconf 82' lang='lat' dir='ltr'><strong>traditionem</strong></span> <span class='ocrx_word' id='word_1_89' title='bbox 1263 1429 1338 1491; x_wconf 93' lang='lat' dir='ltr'><strong>pon-</strong></span> 
     </span>
     <span class='ocr_line' id='line_1_12' title="bbox 258 1496 1335 1594; baseline -0.004 -22"><span class='ocrx_word' id='word_1_90' title='bbox 258 1508 304 1586; x_wconf 87' lang='lat' dir='ltr'><strong>tis,</strong></span> <span class='ocrx_word' id='word_1_91' title='bbox 322 1508 428 1591; x_wconf 90' lang='lat' dir='ltr'><strong>capelle</strong></span> <span class='ocrx_word' id='word_1_92' title='bbox 441 1524 473 1594; x_wconf 67' lang='lat' dir='ltr'><strong>et¹</strong></span> <span class='ocrx_word' id='word_1_93' title='bbox 483 1511 625 1592; x_wconf 88' lang='lat' dir='ltr'><strong>hospitalis</strong></span> <span class='ocrx_word' id='word_1_94' title='bbox 640 1518 733 1574; x_wconf 85' lang='lat' dir='ltr'><strong>Somne</strong></span> <span class='ocrx_word' id='word_1_95' title='bbox 748 1496 854 1573; x_wconf 61' lang='lat' dir='ltr'><strong>lactum³</strong></span> <span class='ocrx_word' id='word_1_96' title='bbox 864 1529 914 1591; x_wconf 91' lang='lat' dir='ltr'><strong>per</strong></span> <span class='ocrx_word' id='word_1_97' title='bbox 928 1510 1005 1571; x_wconf 93' lang='lat' dir='ltr'><strong>dom.</strong></span> <span class='ocrx_word' id='word_1_98' title='bbox 1023 1509 1173 1572; x_wconf 82' lang='lat' dir='ltr'><strong>henricum</strong></span> <span class='ocrx_word' id='word_1_99' title='bbox 1195 1506 1335 1589; x_wconf 84' lang='lat' dir='ltr'><strong>Delphini,</strong></span> 
     </span>
     <span class='ocr_line' id='line_1_13' title="bbox 258 1599 1338 1689; baseline -0.003 -20"><span class='ocrx_word' id='word_1_100' title='bbox 258 1620 325 1669; x_wconf 91' lang='lat' dir='ltr'><strong>tunc</strong></span> <span class='ocrx_word' id='word_1_101' title='bbox 338 1621 481 1688; x_wconf 90' lang='lat' dir='ltr'><strong>regentem</strong></span> <span class='ocrx_word' id='word_1_102' title='bbox 497 1608 703 1689; x_wconf 86' lang='lat' dir='ltr'><strong>Dalphinatum,</strong></span> <span class='ocrx_word' id='word_1_103' title='bbox 727 1599 805 1670; x_wconf 89' lang='lat' dir='ltr'><strong>dom⁰</strong></span> <span class='ocrx_word' id='word_1_104' title='bbox 830 1607 980 1670; x_wconf 81' lang='lat' dir='ltr'><strong>hmblardo</strong></span> <span class='ocrx_word' id='word_1_105' title='bbox 999 1605 1140 1681; x_wconf 82' lang='lat' dir='ltr'><strong>Falauelli,</strong></span> <span class='ocrx_word' id='word_1_106' title='bbox 1157 1619 1224 1668; x_wconf 88' lang='lat' dir='ltr'><strong>tunc</strong></span> <span class='ocrx_word' id='word_1_107' title='bbox 1253 1604 1338 1686; x_wconf 88' lang='lat' dir='ltr'><strong>priori</strong></span> 
     </span>
     <span class='ocr_line' id='line_1_14' title="bbox 261 1701 1339 1787; baseline -0.002 -22"><span class='ocrx_word' id='word_1_108' title='bbox 261 1709 365 1780; x_wconf 89' lang='lat' dir='ltr'><strong>Sonne,</strong></span> <span class='ocrx_word' id='word_1_109' title='bbox 390 1704 443 1767; x_wconf 93' lang='lat' dir='ltr'><strong>sub</strong></span> <span class='ocrx_word' id='word_1_110' title='bbox 462 1723 553 1767; x_wconf 86' lang='lat' dir='ltr'><strong>annua</strong></span> <span class='ocrx_word' id='word_1_111' title='bbox 572 1705 707 1786; x_wconf 88' lang='lat' dir='ltr'><strong>pensione</strong></span> <span class='ocrx_word' id='word_1_112' title='bbox 726 1704 925 1787; x_wconf 79' lang='lat' dir='ltr'><strong>quinquaginta</strong></span> <span class='ocrx_word' id='word_1_113' title='bbox 946 1703 1077 1766; x_wconf 89' lang='lat' dir='ltr'><strong>librarum</strong></span> <span class='ocrx_word' id='word_1_114' title='bbox 1096 1702 1233 1764; x_wconf 90' lang='lat' dir='ltr'><strong>bonorum</strong></span> <span class='ocrx_word' id='word_1_115' title='bbox 1251 1701 1339 1764; x_wconf 89' lang='lat' dir='ltr'><strong>Vien-</strong></span> 
     </span>
     <span class='ocr_line' id='line_1_15' title="bbox 259 1799 1339 1882; baseline -0.003 -18"><span class='ocrx_word' id='word_1_116' title='bbox 259 1800 385 1864; x_wconf 88' lang='lat' dir='ltr'><strong>nensium</strong></span> <span class='ocrx_word' id='word_1_117' title='bbox 399 1801 523 1882; x_wconf 86' lang='lat' dir='ltr'><strong>quolibet</strong></span> <span class='ocrx_word' id='word_1_118' title='bbox 545 1821 619 1864; x_wconf 90' lang='lat' dir='ltr'><strong>anno</strong></span> <span class='ocrx_word' id='word_1_119' title='bbox 634 1801 769 1864; x_wconf 85' lang='lat' dir='ltr'><strong>solvenda</strong></span> <span class='ocrx_word' id='word_1_120' title='bbox 785 1801 939 1881; x_wconf 90' lang='lat' dir='ltr'><strong>peripsum</strong></span> <span class='ocrx_word' id='word_1_121' title='bbox 953 1800 1030 1862; x_wconf 92' lang='lat' dir='ltr'><strong>dom.</strong></span> <span class='ocrx_word' id='word_1_122' title='bbox 1047 1799 1168 1880; x_wconf 87' lang='lat' dir='ltr'><strong>priorem</strong></span> <span class='ocrx_word' id='word_1_123' title='bbox 1183 1799 1262 1861; x_wconf 84' lang='lat' dir='ltr'><strong>dom⁰</strong></span> <span class='ocrx_word' id='word_1_124' title='bbox 1275 1799 1339 1861; x_wconf 90' lang='lat' dir='ltr'><strong>dal-</strong></span> 
     </span>
     <span class='ocr_line' id='line_1_16' title="bbox 260 1894 1336 1980; baseline -0.004 -20"><span class='ocrx_word' id='word_1_125' title='bbox 260 1897 356 1979; x_wconf 92' lang='lat' dir='ltr'><strong>phino,</strong></span> <span class='ocrx_word' id='word_1_126' title='bbox 376 1899 508 1980; x_wconf 81' lang='lat' dir='ltr'><strong>scriptum</strong></span> <span class='ocrx_word' id='word_1_127' title='bbox 526 1917 609 1961; x_wconf 92' lang='lat' dir='ltr'><strong>manu</strong></span> <span class='ocrx_word' id='word_1_128' title='bbox 622 1898 755 1961; x_wconf 70' lang='lat' dir='ltr'><strong>iohannis</strong></span> <span class='ocrx_word' id='word_1_129' title='bbox 772 1898 807 1960; x_wconf 91' lang='lat' dir='ltr'><strong>de</strong></span> <span class='ocrx_word' id='word_1_130' title='bbox 830 1903 933 1960; x_wconf 88' lang='lat' dir='ltr'><strong>Sancto</strong></span> <span class='ocrx_word' id='word_1_131' title='bbox 951 1897 1077 1960; x_wconf 79' lang='lat' dir='ltr'><strong>hvicto²</strong></span> <span class='ocrx_word' id='word_1_132' title='bbox 1100 1894 1201 1959; x_wconf 89' lang='lat' dir='ltr'><strong>notarii</strong></span> <span class='ocrx_word' id='word_1_133' title='bbox 1221 1895 1336 1978; x_wconf 91' lang='lat' dir='ltr'><strong>publici,</strong></span> 
     </span>
     <span class='ocr_line' id='line_1_17' title="bbox 260 1991 1339 2074; baseline -0.002 -18"><span class='ocrx_word' id='word_1_134' title='bbox 260 1995 311 2057; x_wconf 91' lang='lat' dir='ltr'><strong>sub</strong></span> <span class='ocrx_word' id='word_1_135' title='bbox 325 2014 398 2058; x_wconf 86' lang='lat' dir='ltr'><strong>anno</strong></span> <span class='ocrx_word' id='word_1_136' title='bbox 419 1995 455 2058; x_wconf 92' lang='lat' dir='ltr'><strong>ab</strong></span> <span class='ocrx_word' id='word_1_137' title='bbox 472 2001 622 2060; x_wconf 89' lang='lat' dir='ltr'><strong>lncamac.</strong></span> <span class='ocrx_word' id='word_1_138' title='bbox 641 1993 752 2058; x_wconf 86' lang='lat' dir='ltr'><strong>Domini</strong></span> <span class='ocrx_word' id='word_1_139' title='bbox 767 1995 982 2066; x_wconf 73' lang='lat' dir='ltr'><strong>nl⁰111⁰xxl11⁰,</strong></span> <span class='ocrx_word' id='word_1_140' title='bbox 1002 1992 1048 2055; x_wconf 91' lang='lat' dir='ltr'><strong>die</strong></span> <span class='ocrx_word' id='word_1_141' title='bbox 1064 1991 1153 2074; x_wconf 91' lang='lat' dir='ltr'><strong>prima</strong></span> <span class='ocrx_word' id='word_1_142' title='bbox 1169 1991 1271 2055; x_wconf 88' lang='lat' dir='ltr'><strong>mensis</strong></span> <span class='ocrx_word' id='word_1_143' title='bbox 1284 2011 1339 2054; x_wconf 91' lang='lat' dir='ltr'><strong>no-</strong></span> 
     </span>
     <span class='ocr_line' id='line_1_18' title="bbox 259 2088 1339 2174; baseline 0.002 -22"><span class='ocrx_word' id='word_1_144' title='bbox 259 2091 393 2168; x_wconf 89' lang='lat' dir='ltr'><strong>vembris,</strong></span> <span class='ocrx_word' id='word_1_145' title='bbox 414 2092 494 2155; x_wconf 92' lang='lat' dir='ltr'><strong>indit.</strong></span> <span class='ocrx_word' id='word_1_146' title='bbox 516 2112 579 2170; x_wconf 74' lang='lat' dir='ltr'><strong>vura,</strong></span> <span class='ocrx_word' id='word_1_147' title='bbox 604 2092 808 2174; x_wconf 90' lang='lat' dir='ltr'><strong>sigillatumque</strong></span> <span class='ocrx_word' id='word_1_148' title='bbox 821 2090 918 2172; x_wconf 87' lang='lat' dir='ltr'><strong>sigillis</strong></span> <span class='ocrx_word' id='word_1_149' title='bbox 934 2089 1043 2152; x_wconf 89' lang='lat' dir='ltr'><strong>abbatis</strong></span> <span class='ocrx_word' id='word_1_150' title='bbox 1064 2089 1167 2152; x_wconf 83' lang='lat' dir='ltr'><strong>Montis</strong></span> <span class='ocrx_word' id='word_1_151' title='bbox 1182 2088 1295 2170; x_wconf 79' lang='lat' dir='ltr'><strong>Maioris</strong></span> <span class='ocrx_word' id='word_1_152' title='bbox 1310 2101 1339 2154; x_wconf 85' lang='lat' dir='ltr'><strong>et</strong></span> 
     </span>
     <span class='ocr_line' id='line_1_19' title="bbox 261 2187 1294 2271; baseline 0.001 -22"><span class='ocrx_word' id='word_1_153' title='bbox 261 2187 328 2250; x_wconf 90' lang='lat' dir='ltr'><strong>dicti</strong></span> <span class='ocrx_word' id='word_1_154' title='bbox 345 2189 445 2271; x_wconf 91' lang='lat' dir='ltr'><strong>prioris</strong></span> <span class='ocrx_word' id='word_1_155' title='bbox 458 2195 562 2252; x_wconf 90' lang='lat' dir='ltr'><strong>Sonne.</strong></span> <span class='ocrx_word' id='word_1_156' title='bbox 1290 2187 1294 2198; x_wconf 88' lang='lat'>&#39;</span> 
     </span>
    </p>
   </div>
   <div class='ocr_carea' id='block_1_3' title="bbox 307 2281 1453 2368">
    <p class='ocr_par' dir='ltr' id='par_1_4' title="bbox 307 2281 1453 2368">
     <span class='ocr_line' id='line_1_20' title="bbox 307 2281 1453 2368; baseline -0.003 -22"><span class='ocrx_word' id='word_1_157' title='bbox 307 2305 372 2349; x_wconf 84' lang='grc' dir='ltr'>ιιι.</span> <span class='ocrx_word' id='word_1_158' title='bbox 392 2294 472 2364; x_wconf 86' lang='lat' dir='ltr'><strong>Item,</strong></span> <span class='ocrx_word' id='word_1_159' title='bbox 487 2287 573 2368; x_wconf 92' lang='lat' dir='ltr'><strong>quod.</strong></span> <span class='ocrx_word' id='word_1_160' title='bbox 589 2287 802 2350; x_wconf 90' lang='lat' dir='ltr'><strong>instrumentum</strong></span> <span class='ocrx_word' id='word_1_161' title='bbox 817 2281 964 2348; x_wconf 89' lang='lat' dir='ltr'><strong>continens</strong></span> <span class='ocrx_word' id='word_1_162' title='bbox 980 2283 1158 2346; x_wconf 89' lang='lat' dir='ltr'><strong>concordiam</strong></span> <span class='ocrx_word' id='word_1_163' title='bbox 1172 2295 1200 2346; x_wconf 91' lang='lat' dir='ltr'><strong>et</strong></span> <span class='ocrx_word' id='word_1_164' title='bbox 1214 2295 1340 2344; x_wconf 81' lang='lat' dir='ltr'><strong>mansac-</strong></span> <span class='ocrx_word' id='word_1_165' title='bbox 1452 2299 1453 2362; x_wconf 55' lang='lat'><em>3</em></span> 
     </span>
    </p>
   </div>
   <div class='ocr_carea' id='block_1_4' title="bbox 260 2373 1453 2463">
    <p class='ocr_par' dir='ltr' id='par_1_5' title="bbox 260 2373 1453 2463">
     <span class='ocr_line' id='line_1_21' title="bbox 260 2373 1453 2463; baseline -0.001 -22"><span class='ocrx_word' id='word_1_166' title='bbox 260 2379 364 2443; x_wconf 90' lang='lat' dir='ltr'><strong>tionem</strong></span> <span class='ocrx_word' id='word_1_167' title='bbox 386 2382 487 2444; x_wconf 83' lang='lat' dir='ltr'><strong>factam</strong></span> <span class='ocrx_word' id='word_1_168' title='bbox 507 2383 580 2446; x_wconf 89' lang='lat' dir='ltr'><strong>inter</strong></span> <span class='ocrx_word' id='word_1_169' title='bbox 600 2383 676 2445; x_wconf 93' lang='lat' dir='ltr'><strong>dom.</strong></span> <span class='ocrx_word' id='word_1_170' title='bbox 706 2382 890 2446; x_wconf 76' lang='lat' dir='ltr'><strong>humbertum</strong></span> <span class='ocrx_word' id='word_1_171' title='bbox 913 2381 1074 2463; x_wconf 90' lang='lat' dir='ltr'><strong>dalphinum</strong></span> <span class='ocrx_word' id='word_1_172' title='bbox 1088 2381 1284 2458; x_wconf 87' lang='lat' dir='ltr'><strong>Viennensem,</strong></span> <span class='ocrx_word' id='word_1_173' title='bbox 1305 2397 1339 2440; x_wconf 85' lang='lat' dir='ltr'><strong>ex</strong></span> <span class='ocrx_word' id='word_1_174' title='bbox 1452 2373 1453 2404; x_wconf 53' lang='lat' dir='ltr'><strong>l</strong></span> 
     </span>
    </p>
   </div>
   <div class='ocr_carea' id='block_1_5' title="bbox 260 2475 1340 2658">
    <p class='ocr_par' dir='ltr' id='par_1_6' title="bbox 260 2475 1340 2658">
     <span class='ocr_line' id='line_1_22' title="bbox 260 2475 1340 2558; baseline 0.002 -21"><span class='ocrx_word' id='word_1_175' title='bbox 260 2495 316 2538; x_wconf 90' lang='lat' dir='ltr'><strong>una</strong></span> <span class='ocrx_word' id='word_1_176' title='bbox 330 2490 420 2558; x_wconf 92' lang='lat' dir='ltr'><strong>parte,</strong></span> <span class='ocrx_word' id='word_1_177' title='bbox 438 2491 466 2541; x_wconf 90' lang='lat' dir='ltr'><strong>et</strong></span> <span class='ocrx_word' id='word_1_178' title='bbox 477 2478 553 2540; x_wconf 93' lang='lat' dir='ltr'><strong>dom.</strong></span> <span class='ocrx_word' id='word_1_179' title='bbox 568 2479 739 2542; x_wconf 83' lang='lat' dir='ltr'><strong>Yssabellam</strong></span> <span class='ocrx_word' id='word_1_180' title='bbox 753 2479 789 2542; x_wconf 90' lang='lat' dir='ltr'><strong>de</strong></span> <span class='ocrx_word' id='word_1_181' title='bbox 805 2479 944 2555; x_wconf 80' lang='lat' dir='ltr'><strong>Anthone,</strong></span> <span class='ocrx_word' id='word_1_182' title='bbox 962 2478 1085 2544; x_wconf 88' lang='lat' dir='ltr'><strong>relictam</strong></span> <span class='ocrx_word' id='word_1_183' title='bbox 1106 2478 1180 2540; x_wconf 85' lang='lat' dir='ltr'><strong>dom¹</strong></span> <span class='ocrx_word' id='word_1_184' title='bbox 1204 2475 1340 2558; x_wconf 85' lang='lat' dir='ltr'><strong>Guigonis</strong></span> 
     </span>
     <span class='ocr_line' id='line_1_23' title="bbox 261 2572 1337 2658; baseline 0.001 -23"><span class='ocrx_word' id='word_1_185' title='bbox 261 2573 366 2635; x_wconf 92' lang='lat' dir='ltr'><strong>domini</strong></span> <span class='ocrx_word' id='word_1_186' title='bbox 382 2573 527 2637; x_wconf 82' lang='lat' dir='ltr'><strong>Bellivisus</strong></span> <span class='ocrx_word' id='word_1_187' title='bbox 541 2575 577 2638; x_wconf 91' lang='lat' dir='ltr'><strong>de</strong></span> <span class='ocrx_word' id='word_1_188' title='bbox 594 2584 690 2638; x_wconf 86' lang='lat' dir='ltr'><strong>Marco</strong></span> <span class='ocrx_word' id='word_1_189' title='bbox 704 2576 857 2658; x_wconf 86' lang='lat' dir='ltr'><strong>quondam,</strong></span> <span class='ocrx_word' id='word_1_190' title='bbox 878 2595 962 2658; x_wconf 90' lang='lat' dir='ltr'><strong>super</strong></span> <span class='ocrx_word' id='word_1_191' title='bbox 982 2575 1034 2640; x_wconf 91' lang='lat' dir='ltr'><strong>hiis</strong></span> <span class='ocrx_word' id='word_1_192' title='bbox 1048 2594 1102 2657; x_wconf 90' lang='lat' dir='ltr'><strong>que</strong></span> <span class='ocrx_word' id='word_1_193' title='bbox 1122 2573 1237 2656; x_wconf 87' lang='lat' dir='ltr'><strong>petebat</strong></span> <span class='ocrx_word' id='word_1_194' title='bbox 1260 2572 1337 2638; x_wconf 86' lang='lat' dir='ltr'><strong>dieta</strong></span> 
     </span>
    </p>
   </div>
   <div class='ocr_carea' id='block_1_6' title="bbox 261 2669 1452 2748">
    <p class='ocr_par' dir='ltr' id='par_1_7' title="bbox 261 2669 1452 2748">
     <span class='ocr_line' id='line_1_24' title="bbox 261 2669 1452 2748; baseline 0.001 -17"><span class='ocrx_word' id='word_1_195' title='bbox 261 2669 374 2732; x_wconf 90' lang='lat' dir='ltr'><strong>domina</strong></span> <span class='ocrx_word' id='word_1_196' title='bbox 387 2669 415 2731; x_wconf 93' lang='lat' dir='ltr'><strong>in</strong></span> <span class='ocrx_word' id='word_1_197' title='bbox 431 2669 506 2733; x_wconf 89' lang='lat' dir='ltr'><strong>dicto</strong></span> <span class='ocrx_word' id='word_1_198' title='bbox 522 2683 614 2734; x_wconf 88' lang='lat' dir='ltr'><strong>castro</strong></span> <span class='ocrx_word' id='word_1_199' title='bbox 630 2671 774 2734; x_wconf 88' lang='lat' dir='ltr'><strong>Bellivisus</strong></span> <span class='ocrx_word' id='word_1_200' title='bbox 788 2686 816 2735; x_wconf 91' lang='lat' dir='ltr'><strong>et</strong></span> <span class='ocrx_word' id='word_1_201' title='bbox 829 2685 904 2734; x_wconf 91' lang='lat' dir='ltr'><strong>terra</strong></span> <span class='ocrx_word' id='word_1_202' title='bbox 918 2671 985 2733; x_wconf 88' lang='lat' dir='ltr'><strong>dicti</strong></span> <span class='ocrx_word' id='word_1_203' title='bbox 999 2671 1104 2733; x_wconf 91' lang='lat' dir='ltr'><strong>domini</strong></span> <span class='ocrx_word' id='word_1_204' title='bbox 1118 2670 1262 2733; x_wconf 81' lang='lat' dir='ltr'><strong>nellivisus</strong></span> <span class='ocrx_word' id='word_1_205' title='bbox 1273 2689 1341 2733; x_wconf 88' lang='lat' dir='ltr'><strong>con·</strong></span> <span class='ocrx_word' id='word_1_206' title='bbox 1451 2681 1452 2748; x_wconf 70' lang='lat'><strong>,</strong></span> 
     </span>
    </p>
   </div>
   <div class='ocr_carea' id='block_1_7' title="bbox 260 2751 1341 3142">
    <p class='ocr_par' dir='ltr' id='par_1_8' title="bbox 260 2751 1341 3142">
     <span class='ocr_line' id='line_1_25' title="bbox 262 2751 1340 2851; baseline -0.002 -23"><span class='ocrx_word' id='word_1_207' title='bbox 262 2767 337 2844; x_wconf 89' lang='lat' dir='ltr'><strong>dam,</strong></span> <span class='ocrx_word' id='word_1_208' title='bbox 351 2751 482 2849; x_wconf 78' lang='lat' dir='ltr'><strong>scriptum</strong></span> <span class='ocrx_word' id='word_1_209' title='bbox 498 2781 526 2830; x_wconf 91' lang='lat' dir='ltr'><strong>et</strong></span> <span class='ocrx_word' id='word_1_210' title='bbox 542 2782 683 2850; x_wconf 91' lang='lat' dir='ltr'><strong>receptum</strong></span> <span class='ocrx_word' id='word_1_211' title='bbox 701 2789 783 2832; x_wconf 91' lang='lat' dir='ltr'><strong>manu</strong></span> <span class='ocrx_word' id='word_1_212' title='bbox 800 2769 935 2851; x_wconf 87' lang='lat' dir='ltr'><strong>Guigonis</strong></span> <span class='ocrx_word' id='word_1_213' title='bbox 951 2768 1102 2846; x_wconf 84' lang='lat' dir='ltr'><strong>Frumenti,</strong></span> <span class='ocrx_word' id='word_1_214' title='bbox 1126 2767 1178 2830; x_wconf 88' lang='lat' dir='ltr'><strong>sub</strong></span> <span class='ocrx_word' id='word_1_215' title='bbox 1193 2785 1266 2828; x_wconf 92' lang='lat' dir='ltr'><strong>anno</strong></span> <span class='ocrx_word' id='word_1_216' title='bbox 1284 2765 1340 2827; x_wconf 80' lang='lat' dir='ltr'><strong>Dr&#39;ri</strong></span> 
     </span>
     <span class='ocr_line' id='line_1_26' title="bbox 262 2862 1340 2942; baseline -0.002 -16"><span class='ocrx_word' id='word_1_217' title='bbox 262 2867 513 2941; x_wconf 64' lang='lat' dir='ltr'><strong>M01110XXXV110,</strong></span> <span class='ocrx_word' id='word_1_218' title='bbox 542 2864 638 2928; x_wconf 91' lang='lat' dir='ltr'><strong>indict.</strong></span> <span class='ocrx_word' id='word_1_219' title='bbox 669 2873 711 2942; x_wconf 53' lang='grc' dir='ltr'><strong>νᾶ,</strong></span> <span class='ocrx_word' id='word_1_220' title='bbox 740 2866 786 2934; x_wconf 88' lang='lat' dir='ltr'><strong>die</strong></span> <span class='ocrx_word' id='word_1_221' title='bbox 809 2878 880 2928; x_wconf 77' lang='lat' dir='ltr'>xx11³</span> <span class='ocrx_word' id='word_1_222' title='bbox 904 2866 1006 2930; x_wconf 87' lang='lat' dir='ltr'><strong>mensis</strong></span> <span class='ocrx_word' id='word_1_223' title='bbox 1026 2864 1168 2942; x_wconf 85' lang='lat' dir='ltr'><strong>februarii,</strong></span> <span class='ocrx_word' id='word_1_224' title='bbox 1190 2862 1340 2928; x_wconf 89' lang='lat' dir='ltr'><strong>continens</strong></span> 
     </span>
     <span class='ocr_line' id='line_1_27' title="bbox 260 2961 1341 3046; baseline 0 -20"><span class='ocrx_word' id='word_1_225' title='bbox 260 2962 348 3028; x_wconf 85' lang='lat' dir='ltr'><strong>etiam</strong></span> <span class='ocrx_word' id='word_1_226' title='bbox 358 2962 424 3026; x_wconf 90' lang='lat' dir='ltr'><strong>dict.</strong></span> <span class='ocrx_word' id='word_1_227' title='bbox 440 2963 652 3026; x_wconf 87' lang='lat' dir='ltr'><strong>instrumentum</strong></span> <span class='ocrx_word' id='word_1_228' title='bbox 667 2964 826 3046; x_wconf 89' lang='lat' dir='ltr'><strong>homagium</strong></span> <span class='ocrx_word' id='word_1_229' title='bbox 840 2978 869 3029; x_wconf 90' lang='lat' dir='ltr'><strong>et</strong></span> <span class='ocrx_word' id='word_1_230' title='bbox 881 2964 1107 3046; x_wconf 84' lang='lat' dir='ltr'><strong>recognitionem</strong></span> <span class='ocrx_word' id='word_1_231' title='bbox 1132 2983 1182 3046; x_wconf 91' lang='lat' dir='ltr'><strong>per</strong></span> <span class='ocrx_word' id='word_1_232' title='bbox 1200 2963 1269 3026; x_wconf 89' lang='lat' dir='ltr'><strong>dict.</strong></span> <span class='ocrx_word' id='word_1_233' title='bbox 1284 2961 1341 3026; x_wconf 88' lang='lat' dir='ltr'><strong>do·</strong></span> 
     </span>
     <span class='ocr_line' id='line_1_28' title="bbox 260 3059 729 3142; baseline -0.002 -18"><span class='ocrx_word' id='word_1_234' title='bbox 260 3059 362 3124; x_wconf 87' lang='lat' dir='ltr'><strong>minam</strong></span> <span class='ocrx_word' id='word_1_235' title='bbox 378 3060 479 3124; x_wconf 84' lang='lat' dir='ltr'><strong>laetam</strong></span> <span class='ocrx_word' id='word_1_236' title='bbox 494 3059 572 3123; x_wconf 83' lang='lat' dir='ltr'><strong>dom⁰</strong></span> <span class='ocrx_word' id='word_1_237' title='bbox 586 3060 729 3142; x_wconf 79' lang='lat' dir='ltr'><strong>delphino.</strong></span> 
     </span>
    </p>
   </div>
   <div class='ocr_carea' id='block_1_8' title="bbox 305 3135 1451 3240">
    <p class='ocr_par' dir='ltr' id='par_1_9' title="bbox 305 3135 1451 3240">
     <span class='ocr_line' id='line_1_29' title="bbox 305 3135 1451 3240; baseline 0 -22"><span class='ocrx_word' id='word_1_238' title='bbox 305 3172 368 3220; x_wconf 83' lang='lat'><strong>112.</strong></span> <span class='ocrx_word' id='word_1_239' title='bbox 384 3163 465 3232; x_wconf 91' lang='lat' dir='ltr'><strong>ltem,</strong></span> <span class='ocrx_word' id='word_1_240' title='bbox 480 3155 566 3237; x_wconf 93' lang='lat' dir='ltr'><strong>quod.</strong></span> <span class='ocrx_word' id='word_1_241' title='bbox 582 3156 794 3220; x_wconf 89' lang='lat' dir='ltr'><strong>instrumentum</strong></span> <span class='ocrx_word' id='word_1_242' title='bbox 812 3157 959 3220; x_wconf 89' lang='lat' dir='ltr'><strong>continens</strong></span> <span class='ocrx_word' id='word_1_243' title='bbox 973 3135 1132 3240; x_wconf 87' lang='lat' dir='ltr'><strong>homagium</strong></span> <span class='ocrx_word' id='word_1_244' title='bbox 1158 3155 1255 3237; x_wconf 88' lang='lat' dir='ltr'><strong>ligium</strong></span> <span class='ocrx_word' id='word_1_245' title='bbox 1282 3153 1341 3218; x_wconf 82' lang='lat' dir='ltr'><strong>tac·</strong></span> <span class='ocrx_word' id='word_1_246' title='bbox 1450 3173 1451 3176; x_wconf 72' lang='grc'>’</span> 
     </span>
    </p>
   </div>
   <div class='ocr_carea' id='block_1_9' title="bbox 259 3251 1341 3820">
    <p class='ocr_par' dir='ltr' id='par_1_10' title="bbox 259 3251 1341 3623">
     <span class='ocr_line' id='line_1_30' title="bbox 259 3251 1341 3336; baseline -0.003 -20"><span class='ocrx_word' id='word_1_247' title='bbox 259 3265 318 3316; x_wconf 86' lang='lat' dir='ltr'><strong>tum</strong></span> <span class='ocrx_word' id='word_1_248' title='bbox 340 3271 394 3334; x_wconf 87' lang='lat' dir='ltr'><strong>per-</strong></span> <span class='ocrx_word' id='word_1_249' title='bbox 408 3253 580 3317; x_wconf 79' lang='lat' dir='ltr'><strong>hrthaudum</strong></span> <span class='ocrx_word' id='word_1_250' title='bbox 594 3253 743 3317; x_wconf 85' lang='lat' dir='ltr'><strong>Jordanetz</strong></span> <span class='ocrx_word' id='word_1_251' title='bbox 761 3267 783 3330; x_wconf 76' lang='lat'><strong>³,</strong></span> <span class='ocrx_word' id='word_1_252' title='bbox 808 3267 837 3317; x_wconf 89' lang='lat' dir='ltr'><strong>et</strong></span> <span class='ocrx_word' id='word_1_253' title='bbox 857 3253 959 3316; x_wconf 86' lang='lat' dir='ltr'><strong>debuit</strong></span> <span class='ocrx_word' id='word_1_254' title='bbox 975 3272 1176 3336; x_wconf 87' lang='lat' dir='ltr'><strong>recognoscere</strong></span> <span class='ocrx_word' id='word_1_255' title='bbox 1191 3251 1264 3314; x_wconf 82' lang='lat' dir='ltr'><strong>inira</strong></span> <span class='ocrx_word' id='word_1_256' title='bbox 1275 3270 1341 3314; x_wconf 90' lang='lat' dir='ltr'><strong>cer-</strong></span> 
     </span>
     <span class='ocr_line' id='line_1_31' title="bbox 259 3349 1340 3434; baseline -0.002 -20"><span class='ocrx_word' id='word_1_257' title='bbox 259 3363 318 3414; x_wconf 88' lang='lat' dir='ltr'><strong>tum</strong></span> <span class='ocrx_word' id='word_1_258' title='bbox 329 3363 438 3432; x_wconf 92' lang='lat' dir='ltr'><strong>tempus</strong></span> <span class='ocrx_word' id='word_1_259' title='bbox 448 3371 482 3415; x_wconf 90' lang='lat' dir='ltr'><strong>ea</strong></span> <span class='ocrx_word' id='word_1_260' title='bbox 494 3371 548 3434; x_wconf 93' lang='lat' dir='ltr'><strong>que</strong></span> <span class='ocrx_word' id='word_1_261' title='bbox 559 3350 673 3414; x_wconf 87' lang='lat' dir='ltr'><strong>tenebar</strong></span> <span class='ocrx_word' id='word_1_262' title='bbox 684 3371 701 3414; x_wconf 91' lang='lat' dir='ltr'><strong>a</strong></span> <span class='ocrx_word' id='word_1_263' title='bbox 714 3350 840 3426; x_wconf 90' lang='lat' dir='ltr'><strong>domino,</strong></span> <span class='ocrx_word' id='word_1_264' title='bbox 851 3351 985 3433; x_wconf 89' lang='lat' dir='ltr'><strong>scriptum</strong></span> <span class='ocrx_word' id='word_1_265' title='bbox 998 3370 1081 3414; x_wconf 90' lang='lat' dir='ltr'><strong>manu</strong></span> <span class='ocrx_word' id='word_1_266' title='bbox 1094 3351 1177 3432; x_wconf 80' lang='lat' dir='ltr'><strong>ouig.</strong></span> <span class='ocrx_word' id='word_1_267' title='bbox 1196 3349 1340 3414; x_wconf 85' lang='lat' dir='ltr'><strong>Frumenti</strong></span> 
     </span>
     <span class='ocr_line' id='line_1_32' title="bbox 260 3446 1340 3530; baseline 0 -21"><span class='ocrx_word' id='word_1_268' title='bbox 260 3447 359 3510; x_wconf 90' lang='lat' dir='ltr'><strong>notarii</strong></span> <span class='ocrx_word' id='word_1_269' title='bbox 387 3449 463 3530; x_wconf 88' lang='lat' dir='ltr'><strong>publ.</strong></span> <span class='ocrx_word' id='word_1_270' title='bbox 483 3449 535 3512; x_wconf 92' lang='lat' dir='ltr'><strong>sub</strong></span> <span class='ocrx_word' id='word_1_271' title='bbox 559 3468 632 3513; x_wconf 90' lang='lat' dir='ltr'><strong>anno</strong></span> <span class='ocrx_word' id='word_1_272' title='bbox 662 3448 716 3512; x_wconf 82' lang='lat' dir='ltr'><strong>uni</strong></span> <span class='ocrx_word' id='word_1_273' title='bbox 741 3454 997 3526; x_wconf 75' lang='lat' dir='ltr'><strong>hl⁰lll⁶llllllllll⁰,</strong></span> <span class='ocrx_word' id='word_1_274' title='bbox 1019 3447 1116 3513; x_wconf 88' lang='lat' dir='ltr'><strong>indict.</strong></span> <span class='ocrx_word' id='word_1_275' title='bbox 1138 3459 1181 3526; x_wconf 84' lang='lat'><strong>11³,</strong></span> <span class='ocrx_word' id='word_1_276' title='bbox 1208 3446 1254 3509; x_wconf 91' lang='lat' dir='ltr'><strong>die</strong></span> <span class='ocrx_word' id='word_1_277' title='bbox 1276 3462 1340 3510; x_wconf 67' lang='grc' dir='ltr'><strong>νιιιι</strong></span> 
     </span>
     <span class='ocr_line' id='line_1_33' title="bbox 261 3541 503 3623; baseline 0.029 -23"><span class='ocrx_word' id='word_1_278' title='bbox 261 3541 363 3606; x_wconf 88' lang='lat' dir='ltr'><strong>mensis</strong></span> <span class='ocrx_word' id='word_1_279' title='bbox 377 3543 503 3623; x_wconf 86' lang='lat' dir='ltr'><strong>januarii.</strong></span> 
     </span>
    </p>

    <p class='ocr_par' dir='ltr' id='par_1_11' title="bbox 262 3639 1340 3820">
     <span class='ocr_line' id='line_1_34' title="bbox 307 3639 1340 3724; baseline 0.006 -26"><span class='ocrx_word' id='word_1_280' title='bbox 307 3655 371 3716; x_wconf 84' lang='lat'>1¹3·</span> <span class='ocrx_word' id='word_1_281' title='bbox 401 3647 481 3715; x_wconf 87' lang='lat' dir='ltr'><strong>Item,</strong></span> <span class='ocrx_word' id='word_1_282' title='bbox 506 3642 593 3724; x_wconf 89' lang='lat' dir='ltr'><strong>quod.</strong></span> <span class='ocrx_word' id='word_1_283' title='bbox 619 3641 830 3704; x_wconf 89' lang='lat' dir='ltr'><strong>instrumentum</strong></span> <span class='ocrx_word' id='word_1_284' title='bbox 849 3641 995 3705; x_wconf 88' lang='lat' dir='ltr'><strong>continens</strong></span> <span class='ocrx_word' id='word_1_285' title='bbox 1019 3639 1177 3722; x_wconf 89' lang='lat' dir='ltr'><strong>homagium</strong></span> <span class='ocrx_word' id='word_1_286' title='bbox 1205 3639 1340 3706; x_wconf 83' lang='lat' dir='ltr'><strong>lobannis</strong></span> 
     </span>
     <span class='ocr_line' id='line_1_35' title="bbox 262 3734 1340 3820; baseline 0 -24"><span class='ocrx_word' id='word_1_287' title='bbox 262 3734 378 3798; x_wconf 88' lang='lat' dir='ltr'><strong>Gilberti</strong></span> <span class='ocrx_word' id='word_1_288' title='bbox 398 3755 527 3817; x_wconf 89' lang='lat' dir='ltr'><strong>pereum</strong></span> <span class='ocrx_word' id='word_1_289' title='bbox 551 3738 695 3819; x_wconf 88' lang='lat' dir='ltr'><strong>prestitum</strong></span> <span class='ocrx_word' id='word_1_290' title='bbox 714 3738 792 3800; x_wconf 91' lang='lat' dir='ltr'><strong>dom⁰</strong></span> <span class='ocrx_word' id='word_1_291' title='bbox 811 3736 943 3819; x_wconf 79' lang='lat' dir='ltr'><strong>delphino</strong></span> <span class='ocrx_word' id='word_1_292' title='bbox 959 3751 988 3802; x_wconf 93' lang='lat' dir='ltr'><strong>et</strong></span> <span class='ocrx_word' id='word_1_293' title='bbox 1005 3736 1227 3820; x_wconf 85' lang='lat' dir='ltr'><strong>assignationem.</strong></span> <span class='ocrx_word' id='word_1_294' title='bbox 1249 3735 1340 3798; x_wconf 93' lang='lat' dir='ltr'><strong>eidem</strong></span> 
     </span>
    </p>
   </div>
   <div class='ocr_carea' id='block_1_10' title="bbox 261 3827 1340 4010">
    <p class='ocr_par' dir='ltr' id='par_1_12' title="bbox 261 3827 1340 4010">
     <span class='ocr_line' id='line_1_36' title="bbox 261 3827 1340 3917; baseline -0.001 -22"><span class='ocrx_word' id='word_1_295' title='bbox 261 3827 362 3896; x_wconf 81' lang='lat' dir='ltr'><strong>iactam</strong></span> <span class='ocrx_word' id='word_1_296' title='bbox 377 3833 412 3896; x_wconf 86' lang='lat' dir='ltr'><strong>ad</strong></span> <span class='ocrx_word' id='word_1_297' title='bbox 426 3836 685 3916; x_wconf 87' lang='lat' dir='ltr'><strong>recognoscendum</strong></span> <span class='ocrx_word' id='word_1_298' title='bbox 691 3835 763 3899; x_wconf 84' lang='lat' dir='ltr'><strong>inlra</strong></span> <span class='ocrx_word' id='word_1_299' title='bbox 770 3849 875 3900; x_wconf 87' lang='lat' dir='ltr'><strong>certum</strong></span> <span class='ocrx_word' id='word_1_300' title='bbox 883 3849 1003 3917; x_wconf 91' lang='lat' dir='ltr'><strong>tempus,</strong></span> <span class='ocrx_word' id='word_1_301' title='bbox 1018 3834 1150 3916; x_wconf 89' lang='lat' dir='ltr'><strong>scriptum</strong></span> <span class='ocrx_word' id='word_1_302' title='bbox 1160 3833 1340 3915; x_wconf 78' lang='lat' dir='ltr'><strong>(utprorcecl.)</strong></span> 
     </span>
     <span class='ocr_line' id='line_1_37' title="bbox 262 3928 623 4010; baseline 0.014 -21"><span class='ocrx_word' id='word_1_303' title='bbox 262 3928 307 3990; x_wconf 91' lang='lat' dir='ltr'><strong>die</strong></span> <span class='ocrx_word' id='word_1_304' title='bbox 323 3947 364 3992; x_wconf 83' lang='lat' dir='ltr'><strong>ura</strong></span> <span class='ocrx_word' id='word_1_305' title='bbox 382 3929 484 3992; x_wconf 89' lang='lat' dir='ltr'><strong>mensis</strong></span> <span class='ocrx_word' id='word_1_306' title='bbox 497 3931 623 4010; x_wconf 89' lang='lat' dir='ltr'><strong>januarii.</strong></span> 
     </span>
    </p>
   </div>
   <div class='ocr_carea' id='block_1_11' title="bbox 301 4078 1449 4155">
    <p class='ocr_par' dir='ltr' id='par_1_13' title="bbox 301 4078 1449 4155">
     <span class='ocr_line' id='line_1_38' title="bbox 301 4078 1449 4155; baseline -0.002 -19"><span class='ocrx_word' id='word_1_307' title='bbox 301 4097 323 4137; x_wconf 85' lang='grc' dir='ltr'><strong>ι.</strong></span> <span class='ocrx_word' id='word_1_308' title='bbox 338 4081 372 4134; x_wconf 78' lang='lat' dir='ltr'><strong>A·</strong></span> <span class='ocrx_word' id='word_1_309' title='bbox 386 4081 523 4140; x_wconf 79' lang='lat' dir='ltr'><strong>corceone.</strong></span> <span class='ocrx_word' id='word_1_310' title='bbox 541 4111 574 4124; x_wconf 88' lang='lat'><strong>-·</strong></span> <span class='ocrx_word' id='word_1_311' title='bbox 591 4099 615 4138; x_wconf 89' lang='lat'><strong>2.</strong></span> <span class='ocrx_word' id='word_1_312' title='bbox 631 4085 664 4140; x_wconf 75' lang='lat' dir='ltr'><strong>Aa</strong></span> <span class='ocrx_word' id='word_1_313' title='bbox 678 4083 767 4142; x_wconf 81' lang='lat' dir='ltr'><strong>Abito.</strong></span> <span class='ocrx_word' id='word_1_314' title='bbox 783 4113 816 4125; x_wconf 96' lang='lat'>-</span> <span class='ocrx_word' id='word_1_315' title='bbox 834 4100 859 4155; x_wconf 84' lang='lat'><strong>3.</strong></span> <span class='ocrx_word' id='word_1_316' title='bbox 875 4081 913 4138; x_wconf 82' lang='lat' dir='ltr'><strong>En</strong></span> <span class='ocrx_word' id='word_1_317' title='bbox 927 4097 1008 4154; x_wconf 78' lang='lat' dir='ltr'><strong>merge</strong></span> <span class='ocrx_word' id='word_1_318' title='bbox 1021 4082 1054 4136; x_wconf 75' lang='lat' dir='ltr'><strong>Aa</strong></span> <span class='ocrx_word' id='word_1_319' title='bbox 1068 4083 1159 4154; x_wconf 77' lang='lat' dir='ltr'><strong>Ignoto</strong></span> <span class='ocrx_word' id='word_1_320' title='bbox 1171 4081 1202 4136; x_wconf 89' lang='lat' dir='ltr'><strong>de</strong></span> <span class='ocrx_word' id='word_1_321' title='bbox 1216 4097 1268 4154; x_wconf 93' lang='lat' dir='ltr'><strong>quo</strong></span> <span class='ocrx_word' id='word_1_322' title='bbox 1284 4080 1339 4137; x_wconf 91' lang='lat' dir='ltr'><strong>loco</strong></span> <span class='ocrx_word' id='word_1_323' title='bbox 1448 4078 1449 4133; x_wconf 75' lang='lat' dir='ltr'><strong>l</strong></span> 
     </span>
    </p>
   </div>
   <div class='ocr_carea' id='block_1_12' title="bbox 262 4150 353 4208">
    <p class='ocr_par' dir='ltr' id='par_1_14' title="bbox 262 4150 353 4208">
     <span class='ocr_line' id='line_1_39' title="bbox 262 4150 353 4208; baseline 0.011 -1"><span class='ocrx_word' id='word_1_324' title='bbox 262 4150 353 4208; x_wconf 85' lang='lat' dir='ltr'><strong>existit.</strong></span> 
     </span>
    </p>
   </div>
   <div class='ocr_carea' id='block_1_13' title="bbox 0 0 1476 4898">
    <p class='ocr_par' dir='ltr' id='par_1_15' title="bbox 0 0 1476 4898">
     <span class='ocr_line' id='line_1_40' title="bbox 0 0 1476 4898; baseline 0 0"><span class='ocrx_word' id='word_1_325' title='bbox 0 0 1476 4898; x_wconf 95' lang='lat' dir='ltr'><strong> </strong></span> 
     </span>
    </p>
   </div>
  </div>
 </body>
</html>
