2844 4900
534 453 713 516 ..,,,-

93 564 234 645 gnicionem
250 584 302 647 per
318 566 446 628 eumdem
461 567 562 630 iactam
579 569 614 631 de
631 567 682 630 hiis
702 587 756 650 que
769 569 882 633 tenebat
897 570 925 631 in
935 583 1026 634 castro
1040 582 1069 633 et
1083 589 1164 634 man-

93 661 210 724 damento
222 662 260 725 de
271 663 362 741 Paris,
381 684 436 746 que
446 663 559 727 luerunt
569 664 674 728 hlberti
689 665 725 728 de
735 667 927 730 Cassenatico.

126 777 188 835 702.
206 766 287 836 ltem,
308 760 394 842 quod.
414 761 492 842 publ.
510 760 724 824 instrumentum
746 763 879 845 scriptum
899 782 981 826 manu
1000 762 1113 826 Guarini
1131 764 1166 826 de

92 860 203 938 Correyo
213 856 315 918 notarii
331 857 408 938 publ.
430 857 482 920 sub
517 878 590 922 anno
608 859 905 946 Ι1)ι”ιίΜῠ(1(]ῠῑ.Χ’ΧΙῠ,
924 860 969 923 die
983 859 1090 923 sabbati
1103 874 1168 942 post

90 951 178 1016 lestum
188 955 318 1017 Omnium
334 962 510 1034 Sanctorum,
535 957 681 1020 continens
703 956 897 1020 vendicionem
923 957 1066 1037 cujusdam
1082 957 1164 1038 prati,

90 1047 127 1109 siti
150 1049 176 1110 in
196 1051 343 1131 parrochia
371 1051 407 1113 de
425 1051 566 1128 llleolano,
592 1054 693 1117 iactam
716 1053 850 1138 Syboudo
871 1055 907 1118 de
928 1059 1102 1118 castronovo
1115 1074 1166 1137 per

90 1145 230 1226 Guigonam
246 1154 367 1231 Coyreta
384 1163 413 1211 et
428 1148 639 1231 lleymbaudum
650 1149 709 1230 ejus
724 1150 863 1228 maritum.

122 1261 185 1320 703·
202 1252 283 1320 Item,
303 1246 390 1327 quod.
410 1246 621 1310 instrumentum
650 1246 693 1328 (ut
720 1247 806 1329 631),
833 1248 978 1312 continens
1004 1249 1165 1330 homagium

89 1336 171 1419 ligium
190 1343 336 1422 prestitum
359 1362 410 1424 per
426 1350 538 1406 Petrum
568 1344 698 1406 Monachi
721 1344 800 1406 dom⁰
824 1343 1009 1428 ll(umberto)
1034 1345 1165 1427 dalphino

90 1434 226 1500 Viennensi
249 1451 278 1501 et
300 1440 487 1503 terminum...

122 1552 185 1614 704.
217 1543 296 1613 Item,
331 1538 418 1619 quod.
441 1537 519 1619 publ.
547 1537 760 1600 instrumentum
784 1538 941 1602 conlectum
971 1558 1054 1602 manu
1080 1540 1163 1622 Guig.

91 1633 219 1695 Frumenti
236 1648 296 1697 not.
315 1635 383 1716 pub.
405 1635 457 1698 sub
477 1655 551 1698 anno
573 1634 627 1696 Diri
646 1640 929 1713 Mtcccutxxtttlt,
953 1635 1038 1699 indic.
1059 1651 1104 1713 ιιι,
1122 1637 1166 1700 die

90 1731 256 1794 tunnensis
269 1732 398 1812 januarii,
414 1733 560 1795 continens
575 1731 733 1813 homagium
756 1732 901 1813 prestitum
927 1732 1007 1796 dom⁰
1035 1733 1166 1815 dalphino

90 1842 131 1904 per
144 1829 322 1892 Franciscum
341 1830 376 1892 de
391 1831 482 1893 Pratis
499 1844 529 1893 et
540 1830 727 1893 terminum...

121 1941 186 2006 705.
217 1933 298 2004 ltem,
315 1927 401 2008 quod.
419 1928 644 2000 instrumentum,
662 1939 690 1989 ut
699 1927 821 2009 praeced,
844 1925 989 1990 continens
1007 1924 1166 2006 homagium

90 2016 171 2100 ligium
182 2023 328 2103 prestitum
346 2024 381 2087 de
396 2043 516 2105 persona
528 2024 606 2086 dom⁰
619 2038 715 2086 nostro
729 2023 860 2105 dalphino
877 2043 928 2104 per
951 2022 1107 2104 Guigonem
1130 2022 1166 2084 de

92 2122 211 2185 lleolano
226 2136 255 2185 et
270 2123 457 2185 terminum...

123 2221 188 2298 706.
206 2228 286 2296 ltem,
312 2221 398 2303 quod.
422 2221 645 2295 instrumentum,
665 2232 692 2281 ιι
703 2220 825 2302 praced„
845 2218 991 2281 continens
1005 2217 1173 2299 homagium·

90 2316 172 2399 ligium
184 2318 329 2399 prestitum
344 2336 395 2400 per
411 2318 589 2380 Franciscum
602 2317 638 2379 de
649 2317 827 2379 Claromonte
839 2316 920 2378 domo
927 2328 1023 2378 nostro
1033 2315 1165 2397 dalphino

91 2425 113 2474 et
124 2416 307 2477 terminum...

123 2511 394 2594 707.1tem,quod.
422 2513 500 2594 publ.
527 2513 740 2574 instrumentum
770 2511 814 2594 (ut
834 2510 918 2592 704),
948 2511 993 2573 die
1017 2523 1057 2571 nra
1073 2530 1162 2574 mens.

90 2604 204 2685 januarii,
234 2609 381 2673 continens
401 2609 559 2692 homagium
584 2609 678 2690 ligium
704 2609 849 2690 prestitum
866 2608 946 2671 ιιοιιιο
970 2607 1102 2690 dalphino
1115 2629 1165 2690 per

92 2705 230 2768 iohannem
252 2705 340 2768 Rabie
357 2706 393 2770 de
410 2707 473 2769 Sala
494 2721 522 2769 et
537 2707 724 2769 terminum...

122 2803 183 2878 708.
194 2810 273 2879 ltem,
285 2803 373 2885 quod.
391 2804 468 2884 publ.
477 2805 689 2868 instrumentum
703 2803 746 2886 (ut
754 2803 839 2886 704),
852 2802 997 2866 continens
1007 2803 1165 2884 homagium

93 2894 173 2977 hgium
187 2901 333 2982 prestitum
355 2900 433 2963 dom⁰
446 2901 577 2983 dalphino
595 2921 646 2984 per
661 2900 812 2964 llenricum
831 2899 959 2976 Sollredi,
978 2900 1164 2964 mandamenti
1260 2971 1264 2980 ,
1358 2891 1365 2904 ’

95 2993 185 3072 Visilie,
200 3013 228 3061 et
240 2998 427 3062 terminum...

131 3113 192 3176 709·
210 3103 291 3173 ltem,
303 3096 390 3178 quod.
407 3097 619 3160 instrumentum
635 3095 769 3177 scriptum
782 3095 988 3158 manuGuarini
996 3093 1031 3156 de
1039 3098 1164 3174 Correyo

96 3192 178 3254 notarii
193 3193 285 3275 publ,
311 3193 363 3256 sub
385 3213 459 3256 anno
489 3193 935 3270 oninocconxxv110‚indic.
961 3206 1004 3268 vt,
1030 3190 1075 3252 die
1100 3189 1164 3250 lune

96 3300 147 3363 post
157 3288 254 3351 lestum
271 3289 478 3370 Assumpcionis
504 3290 585 3353 beate
612 3290 710 3366 Marie,
729 3290 874 3353 continens
887 3288 1026 3371 quandam
1049 3304 1163 3366 compo·

97 3380 210 3448 sicionem
223 3387 326 3448 factam
338 3386 410 3449 inter
421 3388 573 3450 lohannem
590 3386 718 3449 Rollandi
737 3387 773 3448 de
789 3387 952 3449 Gonceluno
964 3397 992 3447 et
1005 3381 1160 3446 Beatricem

98 3479 200 3545 relctam
232 3483 371 3546 Guillelmi
400 3490 578 3560 Terratzacz,
611 3504 646 3547 er
675 3504 730 3547 una
759 3497 849 3565 parte,
877 3496 905 3546 et
928 3480 1090 3574 Syboudum
1121 3478 1157 3542 de

99 3578 253 3642 castronovo
285 3595 313 3643 et
339 3582 512 3644 Lantelmum
535 3581 570 3643 de
596 3581 737 3662 Grangiis,
762 3599 797 3642 ex
823 3579 920 3651 altera,
939 3595 1022 3658 super
1036 3575 1118 3638 bonis
1134 3588 1162 3638 et

6 3743 7 3748 ἵ
99 3669 231 3740 hereditate
267 3677 335 3740 dicti
364 3677 500 3739 Guillelmi
528 3685 700 3740 Terraczacz
729 3677 788 3739 sitis
811 3677 838 3739 in
867 3674 943 3736 Valle
975 3672 1068 3735 Sancti
1098 3679 1164 3736 Ste-

96 3767 175 3845 plani.

128 3885 188 3943 710.
205 3876 283 3944 ltem,
298 3869 382 3950 qued.
401 3870 497 3932 lictere
513 3883 641 3933 emanate
655 3890 671 3931 a
687 3869 767 3930 domo
781 3869 926 3931 llunberto
937 3867 1080 3948 dalphino,
1091 3867 1165 3949 sigil-

97 3957 142 4022 late
152 3963 178 4024 in
188 3966 318 4045 pendenti
332 3966 391 4043 ejus
404 3966 506 4048 sigillo,
522 3967 624 4047 scripte
639 3986 712 4028 anno
735 3965 849 4028 Nativit.
878 3965 935 4040 Diri
949 3970 1162 4037 M⁰CCC⁰XLl⁰,

99 4061 253 4126 continentes
271 4061 508 4127 confirmationem
522 4064 665 4144 cujusdam
684 4063 818 4145 privilegii
842 4062 907 4126 olim
932 4062 1057 4125 concessi
1087 4061 1164 4123 dom⁰

101 4159 237 4222 Benrando
251 4161 285 4222 de
307 4161 437 4241 lngalatis
452 4161 545 4250 militi,
568 4161 646 4221 dom⁰
675 4160 841 4243 Raymundo
867 4158 1012 4221 Bemrandi
1027 4157 1116 4232 militi,
1134 4156 1162 4216 in
