2844 4900
288 555 462 631 viennensis,
479 553 624 618 confessus
637 553 689 617 luit
701 573 732 616 se
747 567 844 616 tenere
862 553 890 616 in
904 553 1016 616 seudum
1037 553 1164 616 huncum
1180 565 1209 616 et
1221 552 1307 616 nobile
1318 552 1347 614 ad

288 652 446 734 homagium
463 651 556 734 ligium
570 669 636 713 xxvi
653 649 768 714 sestaria
780 649 910 714 frumenti
923 669 1023 714 census
1035 650 1072 714 ad
1085 669 1244 714 mensuram
1256 656 1349 712 Gonce

287 750 346 827 lini,
361 769 422 812 xrut
436 763 535 812 sestar.
550 763 606 814 tam
620 767 709 812 avene
724 769 806 831 quam
820 761 1024 825 castanearum,
1042 748 1197 832 xhospicia
1211 748 1348 823 hominum,

288 867 372 911 unum
386 848 477 910 casale
492 846 725 923 molendinorum,
740 865 775 908 ux
801 846 906 910 solidos
926 846 1062 910 viennen.
1078 865 1191 922 census,
1208 865 1261 929 que
1272 843 1350 907 omnia

288 945 340 1008 sita
354 945 459 1008 suntin
475 944 672 1008 mandamento
686 943 873 1021 holecumbe,
889 957 918 1006 et
928 943 1094 1025 generaliter
1111 942 1208 1006 omnia
1222 959 1274 1023 que
1286 952 1351 1003 tenet

287 1040 333 1102 vel
353 1040 423 1110 alius
446 1040 482 1104 ab
507 1040 606 1104 eodem
632 1040 660 1102 in
688 1039 763 1104 dicto
781 1040 978 1104 mandamento
996 1053 1025 1104 et
1038 1059 1090 1122 pro
1102 1037 1236 1123 predictis
1249 1036 1352 1120 prestitit

289 1137 451 1220 homagium
465 1137 560 1219 ligium
574 1137 655 1200 dom⁰
668 1137 811 1218 delphino.

330 1235 400 1316 609.
418 1242 498 1313 ltem,
514 1234 551 1298 al.
568 1235 781 1298 instrumentum
795 1235 837 1317 (ut
851 1233 931 1317 573),
947 1233 1093 1297 continens
1106 1232 1264 1314 homagium
1270 1230 1352 1312 ligium

292 1332 418 1414 Hugonis
435 1332 470 1395 de
482 1333 606 1396 araone
622 1333 688 1396 dicti
704 1333 834 1396 Machera
846 1333 924 1395 dom⁰
936 1331 1068 1414 dalphino
1078 1345 1107 1394 et
1119 1331 1302 1395 terminum...

328 1429 397 1491 610.
418 1435 498 1505 leem,
512 1429 598 1510 quod.
617 1429 654 1492 al.
681 1429 894 1493 instrumentum
915 1429 957 1509 (ut
989 1428 1070 1511 570),
1096 1426 1301 1506 indic.1n,die
1320 1436 1354 1486 ιιι

289 1545 379 1589 mens.
397 1525 525 1606 januarii,
548 1526 694 1590 continens
719 1525 878 1609 homagium
902 1525 995 1606 ligium
1023 1526 1059 1589 de
1080 1517 1201 1608 persona
1222 1523 1353 1607 prestitum

290 1622 368 1686 dom⁰
380 1636 478 1687 nostro
488 1622 619 1704 dalphino
633 1643 682 1706 per
697 1630 845 1705 Hugonem
859 1623 895 1686 de
909 1621 972 1685 Sala
984 1636 1013 1686 et
1021 1623 1209 1688 tendinum...

329 1717 362 1781 61
374 1737 398 1782 ι.
413 1727 493 1798 Item,
507 1719 543 1783 al.
558 1720 773 1792 instrumentum,
781 1719 858 1802 publ.
876 1718 919 1801 (ut
933 1718 1013 1802 570),
1025 1719 1071 1784 die
1081 1737 1121 1783 ιιι·
1133 1739 1222 1784 mens.
1238 1715 1352 1799 januarii,

289 1817 434 1881 continens
456 1817 616 1899 homagium
632 1817 726 1899 ligium
741 1818 777 1881 de
791 1836 911 1900 persona
922 1816 1066 1898 prestitum
1092 1818 1172 1880 domo
1192 1829 1287 1882 nostro
1302 1813 1354 1876 dal·

288 1915 374 1996 phino
388 1934 438 1997 per
458 1919 570 1979 Petrum
579 1913 615 1978 de
625 1915 749 1978 avalone
761 1927 790 1977 et
802 1914 987 1977 terminum...

328 2012 397 2075 612.
415 2019 494 2088 Item,
512 2011 599 2093 quod.
614 2011 651 2073 al.
679 2011 890 2086 instrumentum
919 2010 996 2092 publ.
1022 2010 1168 2092 sigillatum
1187 2009 1276 2091 sigillo
1290 2006 1356 2088 judi-

288 2122 384 2172 cature
413 2108 625 2192 Graysivodani,
649 2107 781 2190 scriptum
811 2127 895 2170 manu
927 2106 1002 2170 Petri
1034 2107 1234 2190 Clocheyronis
1265 2103 1354 2168 notarii

288 2205 381 2288 publ,
393 2206 445 2268 sub
461 2225 534 2270 anno
551 2205 605 2268 oni
627 2211 817 2280 M⁰CCC0111⁰,
839 2204 924 2268 indic.
942 2217 974 2281 ι’,
989 2204 1034 2268 die
1057 2205 1166 2268 veneris
1180 2217 1244 2266 ante
1266 2204 1354 2266 festum
1414 2269 1415 2292 χ

288 2302 495 2384 Assumpeionis
510 2303 592 2368 beate
607 2304 705 2382 Maria,
721 2303 867 2366 continens
880 2321 1042 2383 processum
1069 2316 1107 2378 et
1123 2302 1291 2367 sentenciam
1308 2300 1355 2363 lac·
1414 2299 1415 2364 3

287 2412 390 2461 tumet
411 2399 494 2462 latam
508 2419 559 2482 per
572 2400 648 2463 dom.
667 2401 817 2464 henricum
828 2400 864 2463 de
871 2400 1005 2476 Avalone,
1016 2400 1136 2480 judicem
1151 2395 1353 2482 Graysivodani,
1414 2407 1415 2411 ’

290 2509 388 2558 contra
401 2496 543 2560 Albertum
559 2497 594 2561 de
607 2503 704 2561 Monte
720 2497 796 2560 Forti
809 2511 838 2560 et
849 2517 900 2580 pro
915 2511 1096 2580 procuratore
1123 2497 1170 2558 illis
1183 2497 1264 2559 dome
1278 2493 1356 2574 B(ea·

289 2592 380 2676 tricis)
399 2594 529 2675 delphine
545 2596 719 2672 Viennensis,
745 2596 857 2659 domine
880 2595 1050 2678 Fucigniaci,
1070 2615 1154 2675 super
1181 2597 1256 2660 lacto
1269 2595 1357 2658 domus

287 2687 368 2750 fortis
381 2689 417 2751 de
433 2696 528 2752 Monte
539 2690 615 2752 Forti
628 2704 657 2754 et
668 2691 788 2772 plurium
810 2692 925 2756 aliarum
936 2712 1040 2770 rerum,
1054 2693 1153 2774 jurium
1166 2707 1195 2756 et
1213 2690 1357 2776 possessio

287 2804 354 2848 num
367 2786 397 2849 in
409 2786 484 2851 dicto
498 2789 588 2852 instr¹⁰
608 2804 811 2860 contentarum.

328 2884 398 2964 613.
424 2891 503 2963 ltem,
534 2886 620 2967 quod.
655 2887 691 2950 al.
721 2887 931 2952 instrumentum
957 2889 1090 2972 scriptum
1119 2909 1202 2953 manu
1233 2885 1357 2953 Bernardi
1413 2917 1414 2922 ¹

287 2981 386 3044 loliani
399 2983 598 3065 notariipubl.‚
616 2985 668 3047 sub
682 3004 756 3047 anno
772 2986 827 3050 Diti
851 2993 1106 3063 MOECC⁰XX⁰lll⁰,
1130 2984 1216 3048 indic.
1238 2999 1289 3060 ute,
1319 2981 1357 3043 die
1413 3015 1414 3056 3

238 3136 243 3143 .
289 3092 321 3142 va
338 3079 440 3142 mensis
456 3079 623 3159 decembris,
651 3082 796 3146 continens
824 3083 982 3166 homagium
1010 3084 1154 3164 prestitum
1170 3101 1222 3163 per
1247 3081 1356 3144 nobilem
1413 3067 1414 3082 ¹

287 3175 378 3237 virum
390 3176 466 3239 dom.
483 3177 657 3240 Guillelmum
672 3179 826 3257 Alamandi,
841 3179 984 3242 dominum
1000 3179 1197 3256 Vallebonesii,
1225 3197 1258 3242 ac
1284 3178 1357 3241 etiarn

287 3273 511 3355 recognicionem
523 3294 574 3356 per
587 3275 717 3339 eumdem
733 3276 834 3340 laetam
847 3277 882 3340 de
892 3277 1017 3359 pluribus
1027 3277 1124 3352 rebus,
1134 3276 1226 3340 leudis
1237 3289 1266 3340 et
1274 3273 1358 3338 domi-

287 3369 339 3432 niis
352 3370 380 3432 in
388 3370 449 3453 ipso
461 3371 551 3435 ἱιιειιιο
564 3374 713 3436 contentis.

327 3466 397 3545 614.
417 3475 496 3544 ltem,
519 3469 556 3532 al.
578 3469 656 3551 publ.
679 3471 890 3534 instrumentum
911 3471 1043 3553 scriptum
1067 3490 1151 3535 manu
1172 3472 1256 3553 Guig.
1282 3477 1358 3534 Fran-

288 3562 353 3624 cisci
366 3575 426 3627 not.
457 3565 539 3646 pub,
556 3567 608 3629 sub
624 3585 698 3630 anno
720 3569 774 3632 Diri
794 3569 1178 3646 nt⁰ccc⁰xxx1111⁰,indic.
1196 3569 1303 3646 11²,die
1321 3580 1357 3630 111³

288 3659 390 3722 mensis
399 3661 524 3740 januarii,
540 3665 686 3728 continens
694 3667 851 3748 homagium
859 3666 1003 3749 prestitum
1014 3667 1050 3728 ill¹
1060 3666 1178 3748 principi
1193 3667 1358 3747 domllum·

287 3755 367 3818 berto
382 3756 512 3838 dalphino
528 3761 678 3825 Viennensi
692 3782 742 3843 per
758 3764 911 3828 lohannem
930 3763 967 3826 de
980 3763 1116 3826 Avinione
1140 3763 1314 3826 domicellum
1334 3771 1359 3820 et
1412 3787 1413 3842 ι

286 3851 433 3914 terminum
448 3854 647 3936 assignacionis
664 3858 699 3920 ad
708 3859 965 3940 recognoscendum
979 3859 1182 3941 particulariter
1196 3873 1225 3924 et
1238 3858 1358 3922 distincte
1412 3855 1413 3864 ’

288 3962 394 4012 certum
409 3963 519 4033 tempus
535 3954 582 4016 diu
598 3969 641 4020 est
654 3956 773 4038 lapsum.

328 4049 398 4140 ⁶15·
417 4056 497 4126 Item,
524 4052 610 4132 quod.
642 4053 679 4116 al.
705 4054 917 4118 instrumentum
943 4053 1020 4136 publ.
1050 4054 1093 4136 (ιιι
1122 4053 1207 4136 614),
1238 4052 1281 4114 die
1302 4057 1358 4112 vtua

205 4147 208 4154 ’
291 4166 380 4212 mens.
396 4149 524 4228 januarii,
552 4153 696 4216 continens
712 4154 870 4236 homagium
895 4153 988 4234 ligium
1013 4154 1159 4234 prestitum
1187 4152 1225 4216 ill¹
1244 4145 1358 4253 principi
