2894 4906
738 453 917 534 *3¹8-

289 587 364 670 quod
378 587 534 650 villermus
547 585 583 648 de
597 585 691 669 clem,
703 584 776 648 filins
787 583 860 648 dom*
874 583 1015 647 Amblardi
1024 583 1061 646 de
1075 583 1159 666 clays
1171 581 1273 658 militis,
1290 597 1350 642 uen-

289 683 359 746 didit
379 683 472 746 odoni
483 682 638 759 sumunt,
651 682 765 744 domim
782 681 866 745 castri
891 681 928 744 de
938 681 1064 763 campis,
1078 681 1174 762 precio
1187 697 1253 742 xxvi
1267 678 1348 741 librar.

289 779 424 843 Vononen.
439 799 525 842 omne
536 779 604 842 illud
617 779 693 861 quod
702 780 762 860 ipse
777 779 898 842 habebat
910 780 938 842 in
951 779 1025 842 valle
1040 777 1244 842 vallisbonesii.

288 917 292 924 ·
330 878 416 940 tior.
437 884 471 939 lt.
499 875 537 940 al.
563 877 774 940 instrumentum
803 884 830 938 M
849 876 1136 940 11⁶xc⁰1111⁰tactun
1160 895 1213 958 per
1231 883 1350 938 Romeum

289 979 420 1042 llosnetil
433 977 583 1054 notarium,
598 979 745 1042 continens
761 977 836 1060 qnod
852 977 931 1040 dom⁰
946 977 1066 1060 Guigoni
1078 978 1235 1055 Alamandi,
1253 978 1350 1041 domino

288 1076 372 1140 Vallis
386 1075 509 1154 Bonesii,
519 1075 647 1157 homagm
657 1073 721 1156 ligia
738 1074 863 1138 lecerunt
878 1074 1017 1138 lohannes
1034 1075 1135 1138 Clareti
1151 1076 1189 1138 de
1204 1083 1314 1138 Deserto
1328 1089 1350 1138 et

289 1181 389 1237 Petrus
402 1173 504 1236 Clareti
518 1172 650 1238 declusa
664 1185 693 1234 et
705 1172 831 1235 homines
844 1171 890 1234 del
906 1179 981 1256 Faye
996 1185 1025 1234 et
1047 1173 1218 1236 lohannetus
1232 1173 1275 1235 del
1288 1179 1350 1255 Faye

199 1325 202 1332 .
288 1283 316 1332 et
346 1266 463 1330 Michael
491 1267 571 1330 Cisra
584 1269 766 1332 etlohannes
779 1267 824 1331 del
842 1276 987 1332 Faureset
1010 1269 1222 1334 Bartholomeus
1244 1277 1315 1332 Ponz
1328 1281 1350 1331 et

289 1366 447 1450 Peyrardus
458 1372 536 1428 Ponz
549 1377 579 1428 et
592 1365 753 1428 Guillelmus
769 1365 848 1428 Ponz
860 1359 889 1429 et
899 1374 910 1428 J
914 1365 1019 1430 acubus
1028 1365 1100 1430 lilius
1110 1366 1225 1430 Giraudi
1235 1367 1278 1430 del
1288 1373 1349 1448 Faye

288 1479 318 1530 et
326 1451 490 1528 G'nillelmus
501 1463 574 1526 lilius
588 1462 663 1526 Petri
673 1463 795 1526 Audierii
806 1465 938 1530 condam.

328 1563 416 1626 1802.
441 1568 474 1626 lt.
505 1562 554 1644 qd.
583 1561 794 1626 instrumentum
824 1581 875 1644 per
897 1563 1051 1626 iohannem
1075 1564 1202 1644 Bonagni
1228 1561 1348 1625 notarium

288 1662 471 1723 ts11⁶1111¹¹v
481 1671 634 1740 receptum,
652 1660 799 1723 continens
812 1660 887 1741 quod
901 1660 1091 1723 Guillelmetus
1110 1660 1145 1722 de
1163 1660 1302 1743 clayriaco
1314 1657 1350 1718 al-

286 1756 413 1838 bergauit
425 1763 573 1818 Lamermo
586 1755 622 1818 de
637 1761 739 1820 Sancto
755 1756 855 1820 Bonito
872 1757 1048 1820 medietatem
1062 1757 1162 1820 domus
1176 1775 1229 1838 pro
1244 1753 1349 1818 indlu'so

287 1875 369 1939 quam
386 1853 471 1918 habet
483 1854 511 1917 in
524 1853 636 1916 civitate
655 1855 876 1936 Gracionopolis,
897 1875 951 1936 que
973 1854 1073 1918 domus
1092 1855 1144 1919 sita
1158 1867 1203 1916 est
1223 1853 1293 1932 juxta
1305 1851 1350 1912 do·

287 1971 362 2014 mum
377 1951 454 2014 dour¹
476 1949 608 2032 delphini,
624 1967 676 2030 pro
693 1969 778 2013 censu
792 1969 885 2014 annuo
899 1971 955 2014 xxx
969 1952 1050 2014 solid.
1062 1951 1201 2015 viennen.

330 2051 415 2128 1803.
432 2055 466 2110 lt.
482 2046 533 2129 qd.
549 2046 768 2127 appellaeionem
786 2067 838 2129 pro
857 2062 936 2129 parte
956 2049 1029 2112 dona¹
1050 2047 1194 2128 'Guigonis
1209 2042 1346 2119 Alanandi,

287 2147 390 2210 domini
405 2143 608 2220 Vallisbonesii,
632 2143 732 2207 laetam
751 2163 825 2208 anno
848 2152 999 2208 MCCCXV
1012 2163 1106 2207 coram
1121 2143 1202 2205 dom⁰
1219 2140 1348 2221 Rodulpho
1424 2157 1425 2176 ¹

288 2244 323 2308 de
340 2252 505 2327 moyseum,
525 2241 617 2321 indice
633 2242 739 2320 majore
754 2242 782 2304 in
806 2242 1018 2324 Graysivodano
1037 2241 1111 2303 dom'
1123 2241 1214 2303 nostri
1231 2235 1347 2319 delphini,
1424 2301 1425 2310 q

287 2341 474 2404 continentem
488 2338 563 2421 quod
577 2337 701 2400 nonnulli
720 2339 845 2402 homines
869 2339 925 2421 ligii
949 2339 1035 2419 ipsius
1064 2338 1136 2400 dom'
1166 2335 1296 2418 Guigonis
1308 2349 1349 2416 per
1424 2323 1425 2392 l

286 2438 390 2501 curiam
416 2435 536 2520 Oysenci
555 2436 666 2499 suerunt
694 2436 901 2518 condempnati,
926 2435 1082 2518 dequibus
1105 2434 1348 2513 sentiebatsegra·

287 2548 392 2598 vatum.

330 2633 413 2710 ¹⁸04·
429 2639 463 2696 lt.
479 2632 528 2714 qd.
541 2633 752 2720 instrumentum
771 2649 844 2693 anno
858 2631 1068 2706 nnucuxxw,
1084 2627 1231 2692 continens
1245 2621 1345 2712 quand.

287 2730 468 2792 retentionem
485 2745 513 2793 et
536 2732 726 2794 investituram
754 2730 856 2792 iactam
883 2747 933 2809 per
965 2725 1140 2792 Guiilelmum
1159 2729 1196 2792 de
1218 2727 1347 2812 Cleyriaco

287 2825 377 2888 odoni
401 2827 556 2906 siemundi,
572 2828 608 2890 de
619 2827 705 2909 quad.
720 2827 805 2896 domo
820 2825 870 2888 sita
884 2825 959 2906 apud
974 2825 1200 2908 Gracionopolim
1223 2826 1250 2888 in
1268 2823 1346 2906 platea

289 2933 375 2990 Beate
383 2923 486 2998 ,marie
954 2921 956 2928 ’

330 3021 415 3102 1805.
449 3028 481 3084 lt.
508 3020 557 3102 qd.
574 3020 785 3085 instrumentum
812 3023 958 3082 Mtlcuxx
983 3019 1099 3096 iactum,
1124 3020 1269 3082 continens
1284 3013 1347 3098 quod

286 3119 475 3185 Guillelmetus
499 3117 571 3181 filius
585 3119 726 3200 qnondam
741 3116 870 3180 Chaberti
900 3116 935 3178 de
961 3116 1106 3200 Clayriaco
1120 3115 1261 3180 investivit
1283 3111 1348 3175 dom.

168 3207 178 3226 ⁴
286 3216 455 3299 Stephanum
470 3216 506 3277 de
516 3215 690 3292 Goncellino,
702 3214 822 3296 priorem
831 3213 866 3278 de
880 3221 990 3294 Ruppe,
1003 3213 1138 3276 sindicum
1151 3212 1262 3294 capituli
1272 3210 1350 3272 eccle

285 3313 325 3377 sie
349 3321 435 3378 Beate
451 3314 537 3377 llarie
564 3311 787 3394 Gracionopolis‚
802 3311 1059 3392 nomine'ejusdem
1082 3311 1193 3392 capituli
1219 3310 1255 3372 de
1275 3303 1348 3390 quad.

284 3412 380 3488 durno,
407 3429 463 3495 que
483 3411 624 3494 quondam
638 3410 689 3472 luit
713 3409 830 3490 predicti
843 3408 986 3484 Chaberti,
1011 3427 1063 3489 pro
1082 3425 1138 3470 xxx
1152 3407 1235 3469 solid.
1261 3417 1350 3468 census

284 3528 353 3592 quas
367 3508 435 3571 dict.
448 3508 605 3572 Chabertus
616 3507 759 3589 legaverat
774 3505 969 3568 anniversariis
994 3504 1068 3568 dicte
1092 3503 1220 3567 ecclesie.

327 3604 463 3669 {induit
479 3605 529 3687 qd.
546 3605 641 3670 lietera
656 3604 685 3668 in
703 3621 777 3667 anno
798 3605 919 3666 ml11⁶vl
934 3603 1018 3680 iacta,
1034 3621 1088 3684 que
1109 3601 1233 3664 continet
1246 3597 1351 3681 qualiter

286 3703 363 3768 dom.
378 3702 559 3786 Raymondus
571 3703 608 3766 de
623 3701 831 3778 Montealbano,
847 3699 975 3762 dominus
999 3697 1201 3774 montismuri,
1213 3693 1351 3758 mandabat
1423 3701 1424 3780 l

283 3799 432 3862 Guillelmo
448 3799 621 3881 Margallani,
636 3799 750 3862 mistrali
771 3797 845 3879 apud
862 3795 1035 3874 Mesaticum‚
1053 3795 1128 3877 quod
1145 3812 1208 3856 curn
1225 3793 1351 3876 ipseren
1423 3795 1424 3859 l

288 3895 403 3960 didisset
415 3898 494 3961 dom⁰
507 3897 627 3979 Guigoni
641 3896 783 3959 Alamandi
797 3895 885 3978 (.‘....)

331 3993 416 4071 1807.
448 4000 482 4056 lt.
500 3993 537 4056 al.
567 3993 779 4056 instrumentum
809 4000 836 4053 Μ
854 3993 1018 4054 1101111l¹vl
1036 3991 1138 4054 lactum
1158 4007 1208 4070 per
1224 3987 1348 4048 Theman

284 4089 406 4152 Grevelli
418 4089 568 4167 notarium,
591 4090 736 4154 continens
757 4088 860 4172 (quod)
887 4089 1057 4182 Nantelmus'
1069 4087 1105 4149 de
1126 4084 1220 4148 Platea
1236 4073 1348 4144 vendidit

344 4185 376 4248 ‘ni
388 4186 543 4264 sumendi,
559 4187 672 4250 domino
683 4188 720 4250 de
736 4185 859 4267 campis,
869 4185 974 4268 quand.
990 4185 1102 4248 domum
1117 4183 1196 4247 sitam
1208 4176 1347 4244 incivitate
