2842 4900
734 477 910 540 -282-

282 607 383 692 guaer,
401 608 512 672 nonne
526 607 631 689 avoergr
659 607 818 690 vuegnract
839 607 924 671 ouer.
943 621 1063 672 oerum
1095 607 1131 672 oe
1157 583 1254 690 ruppe
1275 609 1337 671 rore

281 705 357 788 quod
369 718 411 769 est
426 705 454 767 in
467 719 540 768 terra
552 705 710 786 Fucigniaci
723 705 797 787 apud
823 704 968 787 Buegium,
987 717 1016 768 et
1030 705 1105 787 quod
1129 705 1218 787 ipsum
1234 719 1337 770 cadmo

281 819 324 868 est
338 817 365 867 et
378 803 429 866 luit
442 804 478 866 de
489 803 575 866 ieudo
585 818 612 866 et
632 803 755 866 dominio
770 803 883 885 albergii
897 803 1054 885 Furigniaci
1069 816 1097 866 et
1111 805 1187 885 quod
1200 804 1256 884 ejus
1270 820 1337 866 ante-

281 916 406 962 cessores
415 898 504 980 ipsum
515 914 634 964 castrum
643 901 777 964 tenebant
789 902 817 964 in
831 901 943 964 feudum
965 914 993 963 et
1018 901 1093 982 quod
1107 920 1160 982 pro
1181 901 1254 964 dicto
1268 901 1336 964 leudo

223 1059 224 1062 ,
280 995 366 1078 ipsius
377 997 459 1059 castri
473 997 556 1061 debet
577 998 679 1061 habere
692 999 820 1061 dominus
836 997 993 1080 Fucigniaci
1004 996 1144 1062 hominem
1159 997 1261 1080 ligium,
1276 999 1336 1061 unde

282 1092 372 1156 dictus
386 1093 415 1156 d.
433 1100 532 1157 Petrus
543 1095 646 1158 ibidem
658 1095 750 1158 reddit
763 1091 888 1176 predict'o
897 1096 973 1158 dom.
988 1101 1023 1158 G.
1040 1115 1092 1176 pro
1102 1095 1213 1158 homine
1221 1094 1281 1176 ligio
1295 1113 1336 1174 pro

282 1188 357 1251 dicto
371 1187 501 1272 homagio
513 1189 597 1252 lilium
615 1209 693 1254 suum
709 1192 878 1273 laquerium.

326 1303 409 1366 1590.
436 1294 514 1364 ltem,
541 1287 626 1369 qued.
652 1287 742 1350 littera
768 1287 795 1349 in
818 1286 949 1370 pendenti
965 1285 1094 1368 sigillata,
1118 1286 1171 1350 sub
1200 1306 1269 1350 anno
1292 1283 1335 1348 Dii

282 1389 562 1461 M⁰CC⁰LXX⁰Vlll⁰,
588 1384 634 1447 die
655 1397 687 1446 nl
701 1385 814 1448 kalend.
838 1383 1001 1460 novenbris,
1018 1371 1164 1448 continens
1187 1382 1259 1466 quod
1272 1382 1335 1442 dom

282 1488 407 1563 Lyonera
422 1481 533 1544 domina
547 1481 583 1544 de
598 1488 654 1544 Gas
667 1482 794 1545 confessa
807 1481 858 1544 luit
870 1481 980 1544 realiter
992 1480 1131 1563 recepisse
1144 1501 1161 1542 a
1175 1479 1250 1542 doro¹
1263 1479 1336 1560 Bler-

279 1577 363 1660 trice)
373 1578 408 1641 de
422 1578 590 1659 Fucigniaco
608 1580 662 1640 lllc
674 1577 758 1666 libras
774 1578 939 1641 Gebennen.

324 1691 407 1754 ¹59¹·
429 1681 506 1750 ltem,
523 1675 607 1756 qued.
621 1675 710 1739 littere
722 1675 749 1738 in
758 1675 890 1757 pendenti
905 1673 1032 1756 sigillare,
1051 1674 1116 1737 dare
1131 1674 1184 1737 sub
1204 1691 1272 1736 anno
1291 1670 1335 1734 Dii

281 1777 443 1848 M⁰CCC⁰l⁰,
458 1771 569 1834 infesto
585 1773 741 1836 Nativitatis
769 1773 851 1835 beate
878 1772 964 1834 Marie
979 1771 1109 1854 Virginis,
1126 1772 1154 1834 in
1166 1771 1261 1854 quibus
1273 1770 1337 1850 epis-

280 1887 366 1948 copus
379 1869 569 1932 Gebennensis
583 1871 699 1934 asseruit
718 1870 793 1952 quod
807 1869 945 1932 amedeus
961 1887 1055 1931 comes
1081 1869 1219 1932 Sabaudie
1231 1865 1336 1930 indebite

280 1965 428 2046 occupavit
440 1965 626 2047 piscacionem
641 1967 696 2030 diei
709 1967 827 2030 mercuri
841 1987 923 2049 quarn
940 1966 1051 2029 domina
1066 1966 1224 2047 Fucigniaci
1234 1964 1337 2028 habebat

279 2061 307 2124 in
324 2061 435 2125 llumine
450 2063 558 2126 Rodani
575 2065 752 2142 Gebennen,
764 2085 818 2147 que
831 2065 952 2146 piscario
972 2064 1007 2126 ad
1026 2063 1143 2127 eandem
1172 2065 1230 2144 jure
1241 2061 1338 2126 heredi·

279 2159 351 2222 tario
365 2159 532 2243 pertinebat.
826 2227 829 2232 ,

325 2276 409 2340 ¹592·
426 2264 504 2336 Item,
523 2256 607 2358 qued.
623 2259 659 2321 al.
675 2258 765 2321 littere
775 2258 886 2322 duobus
896 2259 991 2340 sigillis
1019 2259 1047 2322 in
1071 2258 1202 2340 pendenti
1224 2257 1335 2339 sigilate,

279 2355 331 2420 sub
351 2375 424 2418 anno
439 2355 493 2417 1)ῇί
509 2362 608 2418 M⁰CC⁰
623 2368 730 2437 ottuag.
750 2363 827 2430 11110,
844 2355 890 2420 die
904 2343 1042 2419 dominica
1054 2370 1117 2438 post
1132 2353 1244 2420 octabis
1258 2351 1337 2416 Trini-

278 2452 353 2526 tatis,
370 2451 543 2515 continentes
556 2453 630 2534 quod
651 2453 811 2515 Guillelmus
825 2453 861 2514 de
875 2451 1020 2515 Rossillion
1033 2452 1198 2535 recognovit
1212 2471 1240 2514 se
1256 2464 1337 2513 tenere

279 2549 307 2610 in
316 2549 457 2612 reuduma
473 2541 585 2611 domina
603 2549 761 2630 Fucigniaci
788 2549 924 2612 decimam
946 2550 1104 2631 Designaci,
1121 2569 1204 2631 quam
1218 2548 1336 2611 decimam

279 2657 355 2708 tenet
369 2644 404 2706 ab
421 2663 455 2706 eo
468 2651 600 2727 laqueius
615 2645 775 2722 senescalli,
794 2664 848 2726 qve
857 2645 966 2710 decima
981 2645 1056 2710 valet
1067 2646 1142 2709 circa
1151 2659 1218 2710 κω
1238 2658 1337 2708 octavas
1397 2683 1401 2690 -

280 2739 365 2804 bladi.

325 2853 410 2916 ¹593-
425 2841 504 2914 Item,
516 2838 602 2919 quod.
620 2837 739 2906 vidimus
751 2851 908 2900 emanatum
918 2838 953 2901 ab
967 2837 1076 2901 officiali
1090 2839 1237 2903 Viennensi
1250 2849 1275 2902 et
1288 2835 1338 2916 ejus

279 2932 368 3016 sigillo
382 2933 410 2996 in
435 2935 567 3016 pendenti
581 2934 738 3018 sigillatum,
755 2933 806 2997 sub
832 2955 905 2998 anno
922 2933 1241 3015 Dnim0cc0xc01⁰,io
1259 2932 1339 3016 vigilia

281 3030 386 3094 Natalis
410 3031 530 3106 Domini,
554 3033 631 3113 cujus
657 3031 800 3112 originalia
829 3032 971 3095 continent
999 3033 1075 3114 quod
1104 3033 1170 3094 donr
1214 3027 1339 3114 B(eatrin)

280 3126 391 3190 domina
414 3128 572 3210 Fucigniaci
598 3128 675 3190 dedit
704 3128 858 3190 llumberto
881 3127 1007 3190 filiosuo
1031 3142 1122 3191 castra
1151 3129 1187 3192 de
1210 3128 1296 3211 Cleys,
1309 3124 1339 3186 de

281 3223 414 3301 Meudon,
428 3225 583 3303 Romontis,
597 3225 632 3288 de
649 3232 722 3287 Roas
732 3238 760 3288 et
773 3223 852 3305 plura
878 3225 930 3287 alia
954 3245 1008 3308 que
1033 3225 1061 3288 in
1076 3225 1150 3288 dicta
1160 3225 1249 3290 littera
1261 3221 1340 3288 cond-

280 3334 391 3383 nentur.
768 3373 769 3378 ,

326 3436 410 3498 ¹594·
435 3426 513 3494 ltem,
530 3418 616 3500 quod.
640 3418 677 3480 al.
692 3417 811 3482 vidimus
823 3417 955 3500 scriptum
967 3437 1051 3481 manu
1067 3420 1191 3483 [iurandi
1205 3417 1297 3482 Robini
1309 3414 1342 3476 de

281 3515 435 3592 Salanchia,
454 3515 506 3577 sub
519 3535 593 3577 anno
616 3515 669 3578 Diri
687 3522 894 3591 M0CC0XC010,
910 3515 938 3578 in
952 3535 1008 3596 quo
1021 3500 1178 3578 continetur
1192 3515 1265 3598 quod
1273 3510 1342 3576 nobi-

279 3611 312 3674 lis
327 3612 404 3674 dom³
419 3621 512 3676 Leona
523 3613 635 3677 domina
648 3614 683 3676 de
696 3621 765 3698 layz
780 3613 830 3676 fuit
844 3614 970 3676 confessa
1000 3626 1028 3675 et
1056 3613 1166 3694 publice
1192 3608 1344 3693 recognovit

261 3707 314 3770 tad
329 3709 491 3772 instanciam
508 3724 535 3774 et
549 3711 760 3793 requisicionem
778 3711 851 3772 dom¹
868 3709 1013 3772 llumberti
1037 3709 1159 3791 dalphini
1186 3723 1214 3772 er
1240 3703 1344 3770 Albonis
1390 3765 1392 3768 ,

280 3805 387 3868 comitis
401 3827 432 3868 se
444 3827 505 3870 esse
526 3808 671 3870 vassallam
692 3822 719 3872 et
737 3808 875 3870 hominem
894 3807 986 3888 ligiam
1000 3805 1118 3887 predicti
1130 3805 1207 3871 dom.
1220 3801 1342 3886 dalphini,

280 3914 309 3963 et
323 3916 418 3967 tenere
432 3919 460 3966 et
472 3905 542 3968 velle
556 3919 651 3968 tenere
664 3905 699 3967 ab
712 3905 773 3986 ipso
786 3904 862 3968 dom.
879 3904 1008 3985 delphino
1020 3904 1048 3966 in
1060 3903 1173 3966 feudum
1187 3903 1258 3966 etde
1268 3898 1344 3962 leudo

279 4012 400 4061 castrum
414 4015 442 4063 et
456 4003 678 4065 mandamentum
692 4002 728 4064 de
749 4009 817 4084 layz
831 4021 893 4064 cum
908 4014 965 4064 tota
979 3999 1105 4078 baronia,
1134 3999 1298 4082 appendiciis
1319 4009 1345 4058 et

279 4097 454 4176 pertinenciis
464 4099 499 4162 de
514 4108 593 4184 layz,
604 4113 717 4182 exsepta
733 4119 786 4182 aya
798 4112 826 4162 et
837 4099 921 4162 domo
931 4099 995 4162 lorti
1009 4098 1037 4160 in
1052 4118 1107 4180 qua
1121 4095 1344 4161 meiaturlolran·

280 4213 330 4258 nes
344 4195 379 4258 de
402 4196 509 4258 Albona
539 4198 613 4280 apud
639 4197 794 4274 Divonanz,
812 4210 841 4261 et
860 4198 949 4278 ipsum
976 4196 1052 4260 dom.
1076 4195 1234 4278 dalphinum
1247 4192 1345 4257 debere
