2730 4754
531 414 708 478 -„5-

116 532 208 595 sconis
225 529 327 595 notarii
348 529 427 611 publ.
456 529 508 592 sub
537 548 610 592 anno
635 525 722 591 Dilice
747 537 857 594 incarn.
886 533 1156 603 Mscctuxxxtlt‘t,

116 647 166 691 mas
188 628 256 708 julii,
287 627 433 690 continens
451 626 527 708 quod
557 624 737 709 Raymundus
760 624 912 690 Guaulrcdi
935 637 965 688 et
989 623 1156 699 castelona,

116 722 184 788 lontis
207 723 307 787 albani
321 723 445 799 domina,
473 723 600 788 lecerunt
617 735 827 804 procuratorem
851 741 931 785 suum
949 721 1025 784 dom.
1038 719 1159 783 Guilire-

116 819 307 885 uadeautana
328 820 528 902 jurisperitum,
544 820 579 883 ad
597 819 815 901 recognitionem
831 819 986 883 faciendam
1004 817 1082 880 dom⁰
1096 815 1160 879 dal-

116 914 213 981 bioode
228 916 281 981 hiis
294 935 350 999 que
362 916 495 981 tenebant
502 917 538 981 ab
551 916 650 981 eodem
662 916 738 980 dom.
754 916 886 999 dalphino
901 930 929 979 et
937 917 996 997 ejus
1007 927 1158 995 consorte;

116 1011 141 1091 pi
152 1025 307 1094 procurator
322 1027 439 1095 apparet
461 1013 659 1096 recognovisse
677 1013 706 1076 in
723 1012 821 1077 eodem
844 1013 936 1076 instr²⁰
955 1033 973 1076 a
998 1013 1076 1076 dom⁰
1097 1011 1161 1076 dal-

116 1109 169 1175 ltino
179 1125 205 1177 et
217 1113 276 1193 ejus
291 1128 422 1177 consorte
434 1101 526 1177 castra
547 1114 582 1177 de
597 1121 693 1178 Monte
707 1113 825 1190 Albano,
849 1114 885 1177 de
900 1121 996 1177 Monte
1012 1120 1113 1190 Getso,
1124 1112 1161 1175 de

116 1208 181 1272 lonis
192 1223 219 1273 et
231 1210 268 1272 de
282 1216 387 1272 Sancto
401 1210 519 1286 Albano,
534 1210 570 1272 de
585 1217 687 1274 Sancta
698 1210 834 1289 Eulemia,
850 1211 885 1273 de
900 1217 1081 1295 Vercoyrano
1097 1228 1160 1274 cum

116 1304 207 1370 usibus
219 1306 403 1388 pertinentiis,
420 1307 592 1389 appendiciis
606 1321 635 1370 et
647 1305 752 1387 juribus
766 1308 939 1372 eorumdem.

140 1419 208 1485 1319.
226 1411 306 1479 ltem,
320 1404 407 1486 quod.
424 1403 501 1486 publ.
520 1404 732 1469 instrumentum
742 1405 900 1469 confectum
914 1423 998 1468 manu
1014 1402 1162 1469 Bertrandi

116 1502 199 1565 tondi
210 1500 390 1578 notarii-sub
400 1521 474 1565 anno
490 1501 544 1564 Dr'ti
559 1504 768 1578 M⁰ll⁰xC.Vl⁰,
781 1514 803 1564 ι8
814 1502 859 1565 die
869 1503 972 1566 mensis
980 1500 1159 1586 septembris,

116 1596 223 1663 undosas
236 1598 449 1681 expedicionem
463 1597 547 1662 castri
558 1598 660 1663 Montis
671 1598 774 1662 ¹Albani
788 1612 817 1663 et
830 1599 949 1680 plurium
962 1599 1079 1663 aliorum
1103 1598 1162 1662 lac·

116 1711 147 1758 ru
158 1697 232 1762 dom⁰
248 1705 412 1762 Benevento
426 1699 462 1761 de
484 1697 644 1780 compesio,
669 1697 762 1780 legum
776 1697 939 1780 professori,
957 1697 1070 1761 nomine
1086 1694 1161 1758 dotn¹

116 1795 170 1858 ostri
183 1795 315 1878 dalpbini.

135 1908 207 1970 1320.
228 1892 309 1970 Item,
324 1892 413 1974 quod.
436 1892 513 1975 publ.
531 1892 743 1956 instrumentum
764 1892 923 1956 confectum
938 1910 1023 1955 manu
1044 1893 1163 1958 Bartho-

116 1988 163 2053 uu
176 1989 295 2053 ariberti
312 1989 364 2052 sub
378 2009 453 2053 anno
469 1990 523 2053 nni
540 1995 813 2067 nt0cc⁰uxxv1110,
829 2003 862 2054 11⁰
881 1989 945 2052 idus
970 1989 1076 2068 marcii,
1092 2008 1164 2054 con-

116 2096 170 2151 ltns
198 2087 426 2168 recognicionem
447 2087 551 2150 dudum
576 2088 678 2151 factam
702 2106 752 2170 per
776 2087 971 2169 Raymundum
986 2087 1119 2151 Gaufredi
1133 2100 1162 2153 et

116 2185 265 2249 tuellanam
277 2185 338 2266 eius
348 2205 474 2263 uxorem,
491 2185 537 2268 qui
552 2197 777 2266 recognoverunt
793 2204 824 2267 se
843 2197 940 2248 tenere
957 2203 974 2246 a
999 2182 1078 2247 dom⁰
1100 2182 1164 2247 dal·

116 2275 165 2347 lino
177 2282 282 2347 vallem
298 2290 394 2365 Myne,
406 2297 498 2346 castra
508 2283 545 2346 de
560 2282 768 2359 Montealbano,
781 2282 817 2346 de
828 2289 1030 2363 Montegersos
1044 2280 1080 2344 de
1100 2286 1164 2344 No·

116 2371 143 2455 is,
156 2379 192 2443 de
208 2386 312 2443 Sancto
325 2379 443 2458 Albano,
460 2380 496 2443 de
513 2387 614 2444 sancta
632 2378 757 2455 Eulema,
775 2379 811 2442 de
826 2384 1006 2461 Vercoyrano
1031 2390 1060 2442 et
1079 2377 1164 2441 terri-

116 2471 149 2540 lia
168 2477 345 2551 eorumdem,
361 2490 390 2540 et
413 2476 478 2540 inde
492 2476 560 2542 iecit
580 2476 740 2559 homagium
760 2476 838 2541 dom·
855 2476 981 2560 predicto
1005 2475 1073 2540 dict.
1091 2483 1165 2561 Ray·

116 2574 201 2639 ludus
213 2573 366 2637 Gauffredi.
1072 2574 1076 2580 “

120 2687 208 2753 1321.
227 2679 308 2749 Item,
338 2672 425 2754 quod.
450 2672 662 2736 instrumentum
675 2672 833 2736 conlectum
854 2692 938 2736 manu
954 2672 1112 2758 Raymundi
1127 2672 1164 2737 de

116 2782 183 2834 neto
196 2770 308 2833 andrea
330 2770 429 2834 notarii
452 2770 545 2853 publ„
567 2784 721 2835 extractum
736 2770 772 2833 de
791 2770 944 2834 cartulariis
960 2770 1088 2853 lingonis
1105 2778 1166 2834 Ro·

116 2868 177 2944 udi,
205 2886 291 2948 super
306 2867 429 2930 'diversis
450 2867 641 2951 questionibus
671 2868 777 2931 dudum
798 2867 898 2930 habitis
913 2869 985 2931 inter
997 2869 1075 2931 dom.
1089 2874 1165 2952 Ray·

116 2965 215 3029 tndum
245 2964 281 3027 de
306 2964 474 3029 Medullione
498 2985 534 3029 ex
559 2985 614 3029 una
635 2979 716 3047 parte
729 2978 759 3028 et
772 2965 848 3028 dom.
868 2966 1043 3047 Galbulgiam
1065 2963 1164 3029 Ysonis

116 3063 222 3126 minam
250 3075 280 3125 et
301 3061 513 3145 Raymbaudpm
540 3060 576 3126 de
600 3063 707 3140 calma,
726 3062 867 3125 dominum
886 3062 971 3126 Vallis
985 3061 1103 3138 Barreti‚
1128 3079 1165 3125 ex

116 3177 177 3239 era,
196 3179 281 3244 super
294 3148 394 3242 quibus
406 3160 456 3224 luit
478 3161 659 3225 amicabiliter
672 3161 872 3224 concordatum
901 3171 929 3222 et
951 3157 1164 3240 pronunciatum

116 3259 152 3322 nd
168 3256 370 3342 Raymbaudus
385 3257 421 3320 de
434 3258 529 3321 calma
542 3271 662 3322 teneata
679 3256 792 3320 domino
802 3255 836 3319 de
855 3254 1166 3319 Medullioneetdedo-

116 3355 164 3421 nio
191 3353 343 3417 immediato
360 3368 481 3417 castrum
493 3354 529 3418 de
544 3355 653 3432 Arzilis,
669 3367 789 3418 castrum
803 3354 838 3416 de
850 3353 982 3430 celeone,
997 3364 1119 3416 castrum
1128 3351 1165 3417 de

116 3468 211 3533 meto,
228 3453 264 3516 de
280 3460 384 3529 Ysone,
399 3467 427 3517 et
441 3453 592 3517 dominium
610 3452 699 3516 castri
715 3453 789 3517 Novi
812 3453 858 3514 de.
872 3458 973 3534 Capra,
998 3452 1034 3515 de
1052 3459 1166 3515 Monte-

116 3551 204 3633 glino,
224 3550 259 3615 de
275 3549 434 3632 nigueanis,
450 3551 525 3633 quod
540 3551 633 3614 insum
650 3551 743 3634 plures
757 3549 937 3614 condiciones
962 3562 991 3612 et
1017 3562 1099 3632 pacta
1111 3548 1164 3612 alia

116 3663 162 3714 nat
176 3663 205 3714 ct
217 3648 353 3711 continet.
408 3673 409 3677 ¹

123 3766 210 3824 1322.
220 3755 303 3826 ltem,
321 3747 408 3829 quod.
426 3746 503 3829 publ.
518 3747 731 3811 instrumentum
739 3748 895 3811 conlectum
906 3767 989 3811 manu
1002 3747 1108 3812 alberti
1124 3749 1164 3814 de

116 3845 196 3929 ayda
211 3843 311 3908 notarii
324 3843 402 3925 publ.
421 3844 472 3907 sub
484 3864 558 3908 anno
575 3845 630 3908 oni
653 3851 878 3924 M⁰CC⁰XC⁰V10,
897 3846 942 3909 die
956 3845 1085 3909 mercurii
1098 3861 1165 3928 post

116 3953 184 4003 stum
201 3941 228 4005 b¹
246 3940 369 4018 andree,
391 3941 537 4005 continens
560 3941 836 4024 compromissionem
859 3955 887 4006 et
904 3943 1163 4024 pronunciationem

116 4033 153 4099 de
165 4051 286 4121 sequtam
304 4055 389 4118 super
401 4039 592 4120 questionibus
607 4038 689 4119 dudis
703 4038 846 4103 ventilatis
860 4039 932 4104 inter
945 4039 1067 4104 nobilem
1083 4039 1160 4103 dom.

116 4133 239 4201 eatricem
248 4136 284 4201 de
298 4135 443 4217 Gebenna‚
455 4138 596 4203 dominam
609 4137 756 4217 Mirabelli,
767 4157 803 4203 ex
815 4158 870 4204 una
880 4152 959 4223 parte
973 4152 1001 4203 et
1013 4145 1160 4222 Hugonem
