<?xml version="1.0" encoding="UTF-8"?>
<!DOCTYPE html PUBLIC "-//W3C//DTD XHTML 1.0 Transitional//EN"
    "http://www.w3.org/TR/xhtml1/DTD/xhtml1-transitional.dtd">
<html xmlns="http://www.w3.org/1999/xhtml" xml:lang="en" lang="en">
 <head>
  <title>
</title>
<meta http-equiv="Content-Type" content="text/html;charset=utf-8" />
  <meta name='ocr-system' content='tesseract 3.04.00' />
  <meta name='ocr-capabilities' content='ocr_page ocr_carea ocr_par ocr_line ocrx_word'/>
</head>
<body>
  <div class='ocr_page' id='page_1' title='image "./inventairedesar00glgoog/inventairedesar00glgoog_0059.png"; bbox 0 0 2936 4898; ppageno 0'>
   <div class='ocr_carea' id='block_1_1' title="bbox 704 413 862 532">
    <p class='ocr_par' dir='ltr' id='par_1_1' title="bbox 704 413 862 532">
     <span class='ocr_line' id='line_1_1' title="bbox 704 413 862 532; baseline 0 -32"><span class='ocrx_word' id='word_1_1' title='bbox 704 413 862 532; x_wconf 63' lang='lat'>-24&#39;-</span> 
     </span>
    </p>
   </div>
   <div class='ocr_carea' id='block_1_2' title="bbox 248 582 1327 762">
    <p class='ocr_par' dir='ltr' id='par_1_2' title="bbox 248 582 1327 762">
     <span class='ocr_line' id='line_1_2' title="bbox 249 582 1327 664; baseline -0.004 -15"><span class='ocrx_word' id='word_1_2' title='bbox 249 585 413 649; x_wconf 84' lang='lat' dir='ltr'><strong>matrimonii</strong></span> <span class='ocrx_word' id='word_1_3' title='bbox 424 584 556 647; x_wconf 86' lang='lat' dir='ltr'><strong>celebrati</strong></span> <span class='ocrx_word' id='word_1_4' title='bbox 568 584 639 647; x_wconf 89' lang='lat' dir='ltr'><strong>iuter</strong></span> <span class='ocrx_word' id='word_1_5' title='bbox 654 584 729 647; x_wconf 91' lang='lat' dir='ltr'><strong>dom.</strong></span> <span class='ocrx_word' id='word_1_6' title='bbox 748 584 902 664; x_wconf 78' lang='lat' dir='ltr'><strong>Guigonem</strong></span> <span class='ocrx_word' id='word_1_7' title='bbox 920 582 1079 664; x_wconf 81' lang='lat' dir='ltr'><strong>dalphinum</strong></span> <span class='ocrx_word' id='word_1_8' title='bbox 1094 583 1280 646; x_wconf 88' lang='lat' dir='ltr'><strong>Viennensem</strong></span> <span class='ocrx_word' id='word_1_9' title='bbox 1296 596 1327 645; x_wconf 85' lang='lat' dir='ltr'><strong>et</strong></span> 
     </span>
     <span class='ocr_line' id='line_1_3' title="bbox 248 679 1064 762; baseline -0.002 -18"><span class='ocrx_word' id='word_1_10' title='bbox 248 683 324 744; x_wconf 92' lang='lat' dir='ltr'><strong>dom.</strong></span> <span class='ocrx_word' id='word_1_11' title='bbox 342 682 498 745; x_wconf 84' lang='lat' dir='ltr'><strong>Ysabellam</strong></span> <span class='ocrx_word' id='word_1_12' title='bbox 512 680 684 742; x_wconf 85' lang='lat' dir='ltr'><strong>hliamdom¹</strong></span> <span class='ocrx_word' id='word_1_13' title='bbox 704 679 822 762; x_wconf 86' lang='lat' dir='ltr'><strong>Philippi</strong></span> <span class='ocrx_word' id='word_1_14' title='bbox 837 679 910 761; x_wconf 83' lang='lat' dir='ltr'><strong>regis</strong></span> <span class='ocrx_word' id='word_1_15' title='bbox 937 679 1064 742; x_wconf 84' lang='lat' dir='ltr'><strong>Francie.</strong></span> 
     </span>
    </p>
   </div>
   <div class='ocr_carea' id='block_1_3' title="bbox 288 869 1333 947">
    <p class='ocr_par' dir='ltr' id='par_1_3' title="bbox 288 869 1333 947">
     <span class='ocr_line' id='line_1_4' title="bbox 288 869 1333 947; baseline -0.001 -18"><span class='ocrx_word' id='word_1_16' title='bbox 288 875 344 932; x_wconf 83' lang='lat'>106.</span> <span class='ocrx_word' id='word_1_17' title='bbox 360 875 431 946; x_wconf 91' lang='lat' dir='ltr'><strong>ltem,</strong></span> <span class='ocrx_word' id='word_1_18' title='bbox 447 872 494 930; x_wconf 85' lang='lat' dir='ltr'><strong>tria</strong></span> <span class='ocrx_word' id='word_1_19' title='bbox 509 873 670 930; x_wconf 83' lang='lat' dir='ltr'><strong>instrumenta</strong></span> <span class='ocrx_word' id='word_1_20' title='bbox 684 889 758 947; x_wconf 91' lang='lat' dir='ltr'><strong>super</strong></span> <span class='ocrx_word' id='word_1_21' title='bbox 773 872 929 930; x_wconf 88' lang='lat' dir='ltr'><strong>matrimonio</strong></span> <span class='ocrx_word' id='word_1_22' title='bbox 943 869 1054 930; x_wconf 84' lang='lat' dir='ltr'><strong>tractato</strong></span> <span class='ocrx_word' id='word_1_23' title='bbox 1073 873 1135 929; x_wconf 89' lang='lat' dir='ltr'><strong>inter</strong></span> <span class='ocrx_word' id='word_1_24' title='bbox 1154 874 1222 928; x_wconf 91' lang='lat' dir='ltr'><strong>dom.</strong></span> <span class='ocrx_word' id='word_1_25' title='bbox 1246 873 1333 928; x_wconf 83' lang='lat' dir='ltr'><strong>llum·</strong></span> 
     </span>
    </p>
   </div>
   <div class='ocr_carea' id='block_1_4' title="bbox 137 958 1326 1038">
    <p class='ocr_par' dir='ltr' id='par_1_4' title="bbox 137 958 1326 1038">
     <span class='ocr_line' id='line_1_5' title="bbox 137 958 1326 1038; baseline -0.002 -19"><span class='ocrx_word' id='word_1_26' title='bbox 137 1031 140 1038; x_wconf 33' lang='grc' dir='ltr'>Ι</span> <span class='ocrx_word' id='word_1_27' title='bbox 248 963 344 1019; x_wconf 85' lang='lat' dir='ltr'><strong>bertum</strong></span> <span class='ocrx_word' id='word_1_28' title='bbox 358 959 500 1036; x_wconf 76' lang='lat' dir='ltr'><strong>dalphinum</strong></span> <span class='ocrx_word' id='word_1_29' title='bbox 515 960 687 1038; x_wconf 71' lang='lat' dir='ltr'><strong>Viennensem,</strong></span> <span class='ocrx_word' id='word_1_30' title='bbox 698 978 728 1017; x_wconf 85' lang='lat' dir='ltr'><strong>ex</strong></span> <span class='ocrx_word' id='word_1_31' title='bbox 742 977 791 1018; x_wconf 89' lang='lat' dir='ltr'><strong>una</strong></span> <span class='ocrx_word' id='word_1_32' title='bbox 806 970 886 1035; x_wconf 88' lang='lat' dir='ltr'><strong>parte,</strong></span> <span class='ocrx_word' id='word_1_33' title='bbox 897 970 923 1016; x_wconf 89' lang='lat' dir='ltr'><strong>et</strong></span> <span class='ocrx_word' id='word_1_34' title='bbox 935 960 1004 1017; x_wconf 86' lang='lat' dir='ltr'><strong>dom.</strong></span> <span class='ocrx_word' id='word_1_35' title='bbox 1018 961 1155 1017; x_wconf 86' lang='lat' dir='ltr'><strong>lohauuam</strong></span> <span class='ocrx_word' id='word_1_36' title='bbox 1169 958 1243 1016; x_wconf 87' lang='lat' dir='ltr'><strong>filiam</strong></span> <span class='ocrx_word' id='word_1_37' title='bbox 1258 960 1326 1017; x_wconf 70' lang='lat' dir='ltr'><strong>domi</strong></span> 
     </span>
    </p>
   </div>
   <div class='ocr_carea' id='block_1_5' title="bbox 247 1047 1338 2266">
    <p class='ocr_par' dir='ltr' id='par_1_5' title="bbox 247 1047 1326 1194">
     <span class='ocr_line' id='line_1_6' title="bbox 248 1047 1326 1122; baseline -0.001 -17"><span class='ocrx_word' id='word_1_38' title='bbox 248 1050 318 1106; x_wconf 87' lang='lat' dir='ltr'><strong>Petri</strong></span> <span class='ocrx_word' id='word_1_39' title='bbox 332 1050 402 1106; x_wconf 85' lang='lat' dir='ltr'><strong>ducis</strong></span> <span class='ocrx_word' id='word_1_40' title='bbox 416 1047 546 1121; x_wconf 74' lang='lat' dir='ltr'><strong>borbonii,</strong></span> <span class='ocrx_word' id='word_1_41' title='bbox 566 1048 677 1104; x_wconf 82' lang='lat' dir='ltr'><strong>conlecta</strong></span> <span class='ocrx_word' id='word_1_42' title='bbox 691 1065 736 1122; x_wconf 93' lang='lat' dir='ltr'><strong>per</strong></span> <span class='ocrx_word' id='word_1_43' title='bbox 751 1065 848 1104; x_wconf 88' lang='lat' dir='ltr'><strong>manum</strong></span> <span class='ocrx_word' id='word_1_44' title='bbox 872 1048 1004 1104; x_wconf 87' lang='lat' dir='ltr'><strong>Humberti</strong></span> <span class='ocrx_word' id='word_1_45' title='bbox 1026 1049 1103 1105; x_wconf 82' lang='lat' dir='ltr'><strong>Pilati</strong></span> <span class='ocrx_word' id='word_1_46' title='bbox 1126 1047 1216 1106; x_wconf 88' lang='lat' dir='ltr'><strong>notarii</strong></span> <span class='ocrx_word' id='word_1_47' title='bbox 1240 1049 1326 1122; x_wconf 87' lang='lat' dir='ltr'><strong>publ,</strong></span> 
     </span>
     <span class='ocr_line' id='line_1_7' title="bbox 247 1136 703 1194; baseline -0.004 0"><span class='ocrx_word' id='word_1_48' title='bbox 247 1140 293 1194; x_wconf 89' lang='lat' dir='ltr'><strong>sub</strong></span> <span class='ocrx_word' id='word_1_49' title='bbox 307 1155 373 1194; x_wconf 89' lang='lat' dir='ltr'><strong>anuo</strong></span> <span class='ocrx_word' id='word_1_50' title='bbox 386 1136 435 1193; x_wconf 80' lang='lat' dir='ltr'><strong>uni</strong></span> <span class='ocrx_word' id='word_1_51' title='bbox 450 1138 488 1192; x_wconf 86' lang='lat' dir='ltr'><strong>hl·</strong></span> <span class='ocrx_word' id='word_1_52' title='bbox 500 1137 540 1193; x_wconf 84' lang='lat' dir='ltr'><strong>lll‘</strong></span> <span class='ocrx_word' id='word_1_53' title='bbox 555 1137 612 1192; x_wconf 88' lang='lat' dir='ltr'><strong>llL·</strong></span> <span class='ocrx_word' id='word_1_54' title='bbox 627 1138 703 1193; x_wconf 90' lang='lat' dir='ltr'><strong>Vlll·.</strong></span> 
     </span>
    </p>

    <p class='ocr_par' dir='ltr' id='par_1_6' title="bbox 248 1221 1325 1386">
     <span class='ocr_line' id='line_1_8' title="bbox 287 1221 1325 1298; baseline -0.002 -18"><span class='ocrx_word' id='word_1_55' title='bbox 287 1221 594 1298; x_wconf 86' lang='lat' dir='ltr'><strong>107.ltem,treslictere</strong></span> <span class='ocrx_word' id='word_1_56' title='bbox 611 1221 634 1279; x_wconf 90' lang='lat' dir='ltr'><strong>in</strong></span> <span class='ocrx_word' id='word_1_57' title='bbox 654 1240 702 1278; x_wconf 89' lang='lat' dir='ltr'><strong>uua</strong></span> <span class='ocrx_word' id='word_1_58' title='bbox 724 1222 816 1297; x_wconf 83' lang='lat' dir='ltr'><strong>piscide</strong></span> <span class='ocrx_word' id='word_1_59' title='bbox 839 1221 942 1297; x_wconf 76' lang='lat' dir='ltr'><strong>sigillato</strong></span> <span class='ocrx_word' id='word_1_60' title='bbox 965 1221 1044 1296; x_wconf 81' lang='lat' dir='ltr'><strong>sigillo</strong></span> <span class='ocrx_word' id='word_1_61' title='bbox 1066 1221 1126 1280; x_wconf 91' lang='lat' dir='ltr'><strong>dicti</strong></span> <span class='ocrx_word' id='word_1_62' title='bbox 1149 1223 1216 1280; x_wconf 92' lang='lat' dir='ltr'><strong>dom.</strong></span> <span class='ocrx_word' id='word_1_63' title='bbox 1242 1221 1325 1295; x_wconf 90' lang='lat' dir='ltr'><strong>ducis,</strong></span> 
     </span>
     <span class='ocr_line' id='line_1_9' title="bbox 248 1302 904 1386; baseline -0.002 -19"><span class='ocrx_word' id='word_1_64' title='bbox 248 1329 321 1386; x_wconf 86' lang='lat' dir='ltr'><strong>super</strong></span> <span class='ocrx_word' id='word_1_65' title='bbox 334 1311 420 1368; x_wconf 86' lang='lat' dir='ltr'><strong>eodem</strong></span> <span class='ocrx_word' id='word_1_66' title='bbox 435 1309 601 1369; x_wconf 86' lang='lat' dir='ltr'><strong>matrimonio.</strong></span> <span class='ocrx_word' id='word_1_67' title='bbox 897 1302 904 1324; x_wconf 75' lang='lat'><strong>¹</strong></span> 
     </span>
    </p>

    <p class='ocr_par' dir='ltr' id='par_1_7' title="bbox 247 1396 1338 2266">
     <span class='ocr_line' id='line_1_10' title="bbox 288 1396 1324 1473; baseline -0.001 -17"><span class='ocrx_word' id='word_1_68' title='bbox 288 1399 345 1456; x_wconf 82' lang='lat'>108.</span> <span class='ocrx_word' id='word_1_69' title='bbox 361 1401 434 1456; x_wconf 83' lang='lat' dir='ltr'><strong>Auno</strong></span> <span class='ocrx_word' id='word_1_70' title='bbox 447 1397 598 1455; x_wconf 67' lang='lat' dir='ltr'><strong>Natiuitatis*</strong></span> <span class='ocrx_word' id='word_1_71' title='bbox 606 1399 705 1456; x_wconf 91' lang='lat' dir='ltr'><strong>Domini</strong></span> <span class='ocrx_word' id='word_1_72' title='bbox 719 1401 757 1455; x_wconf 84' lang='lat' dir='ltr'><strong>hl·</strong></span> <span class='ocrx_word' id='word_1_73' title='bbox 771 1399 811 1456; x_wconf 80' lang='lat' dir='ltr'><strong>lll‘</strong></span> <span class='ocrx_word' id='word_1_74' title='bbox 825 1400 918 1472; x_wconf 86' lang='lat' dir='ltr'><strong>Lllll·,</strong></span> <span class='ocrx_word' id='word_1_75' title='bbox 941 1399 980 1457; x_wconf 94' lang='lat' dir='ltr'><strong>die</strong></span> <span class='ocrx_word' id='word_1_76' title='bbox 1002 1418 1034 1456; x_wconf 84' lang='lat' dir='ltr'><strong>xv</strong></span> <span class='ocrx_word' id='word_1_77' title='bbox 1056 1399 1143 1457; x_wconf 83' lang='lat' dir='ltr'><strong>mensis</strong></span> <span class='ocrx_word' id='word_1_78' title='bbox 1165 1396 1324 1473; x_wconf 81' lang='lat' dir='ltr'><strong>septembris,</strong></span> 
     </span>
     <span class='ocr_line' id='line_1_11' title="bbox 249 1485 1327 1562; baseline -0.001 -19"><span class='ocrx_word' id='word_1_79' title='bbox 249 1485 401 1561; x_wconf 82' lang='lat' dir='ltr'><strong>presentibus</strong></span> <span class='ocrx_word' id='word_1_80' title='bbox 415 1485 546 1560; x_wconf 79' lang='lat' dir='ltr'><strong>magnifico</strong></span> <span class='ocrx_word' id='word_1_81' title='bbox 560 1485 613 1542; x_wconf 88' lang='lat' dir='ltr'><strong>viro</strong></span> <span class='ocrx_word' id='word_1_82' title='bbox 628 1486 695 1543; x_wconf 92' lang='lat' dir='ltr'><strong>dom.</strong></span> <span class='ocrx_word' id='word_1_83' title='bbox 711 1486 847 1560; x_wconf 78' lang='lat' dir='ltr'><strong>liudulpho</strong></span> <span class='ocrx_word' id='word_1_84' title='bbox 861 1487 961 1543; x_wconf 89' lang='lat' dir='ltr'><strong>domino</strong></span> <span class='ocrx_word' id='word_1_85' title='bbox 971 1487 1001 1543; x_wconf 92' lang='lat' dir='ltr'><strong>de</strong></span> <span class='ocrx_word' id='word_1_86' title='bbox 1011 1485 1120 1562; x_wconf 86' lang='lat' dir='ltr'><strong>Louppi,</strong></span> <span class='ocrx_word' id='word_1_87' title='bbox 1136 1487 1216 1544; x_wconf 90' lang='lat' dir='ltr'><strong>locum</strong></span> <span class='ocrx_word' id='word_1_88' title='bbox 1226 1491 1327 1542; x_wconf 83' lang='lat' dir='ltr'><strong>tenente</strong></span> 
     </span>
     <span class='ocr_line' id='line_1_12' title="bbox 249 1573 1338 1648; baseline 0.001 -17"><span class='ocrx_word' id='word_1_89' title='bbox 249 1573 339 1631; x_wconf 90' lang='lat' dir='ltr'><strong>domini</strong></span> <span class='ocrx_word' id='word_1_90' title='bbox 354 1575 432 1630; x_wconf 84' lang='lat' dir='ltr'><strong>nostri</strong></span> <span class='ocrx_word' id='word_1_91' title='bbox 445 1573 565 1648; x_wconf 87' lang='lat' dir='ltr'><strong>dalphini,</strong></span> <span class='ocrx_word' id='word_1_92' title='bbox 580 1574 665 1631; x_wconf 92' lang='lat' dir='ltr'><strong>ddom.</strong></span> <span class='ocrx_word' id='word_1_93' title='bbox 682 1574 818 1631; x_wconf 80' lang='lat' dir='ltr'><strong>Amblardo</strong></span> <span class='ocrx_word' id='word_1_94' title='bbox 832 1573 932 1630; x_wconf 92' lang='lat' dir='ltr'><strong>domino</strong></span> <span class='ocrx_word' id='word_1_95' title='bbox 946 1574 1109 1647; x_wconf 73' lang='lat' dir='ltr'><strong>bellimontis,</strong></span> <span class='ocrx_word' id='word_1_96' title='bbox 1133 1574 1270 1647; x_wconf 78' lang='lat' dir='ltr'><strong>liudulpho</strong></span> <span class='ocrx_word' id='word_1_97' title='bbox 1294 1573 1338 1632; x_wconf 76' lang='lat' dir='ltr'><strong>de,</strong></span> 
     </span>
     <span class='ocr_line' id='line_1_13' title="bbox 249 1660 1326 1738; baseline 0 -20"><span class='ocrx_word' id='word_1_98' title='bbox 249 1661 374 1738; x_wconf 88' lang='lat' dir='ltr'><strong>Capriliis,</strong></span> <span class='ocrx_word' id='word_1_99' title='bbox 389 1663 468 1738; x_wconf 81' lang='lat' dir='ltr'><strong>legum</strong></span> <span class='ocrx_word' id='word_1_100' title='bbox 487 1664 600 1736; x_wconf 88' lang='lat' dir='ltr'><strong>doctore,</strong></span> <span class='ocrx_word' id='word_1_101' title='bbox 619 1664 731 1719; x_wconf 87' lang='lat' dir='ltr'><strong>lohanue</strong></span> <span class='ocrx_word' id='word_1_102' title='bbox 751 1663 782 1719; x_wconf 90' lang='lat' dir='ltr'><strong>de</strong></span> <span class='ocrx_word' id='word_1_103' title='bbox 802 1663 896 1735; x_wconf 87' lang='lat' dir='ltr'><strong>Bosco,</strong></span> <span class='ocrx_word' id='word_1_104' title='bbox 920 1661 1046 1720; x_wconf 87' lang='lat' dir='ltr'><strong>licentiato</strong></span> <span class='ocrx_word' id='word_1_105' title='bbox 1069 1661 1092 1719; x_wconf 91' lang='lat' dir='ltr'><strong>in</strong></span> <span class='ocrx_word' id='word_1_106' title='bbox 1116 1662 1219 1736; x_wconf 77' lang='lat' dir='ltr'><strong>legibus,</strong></span> <span class='ocrx_word' id='word_1_107' title='bbox 1244 1660 1326 1734; x_wconf 75' lang='lat' dir='ltr'><strong>iudice</strong></span> 
     </span>
     <span class='ocr_line' id='line_1_14' title="bbox 248 1749 1325 1826; baseline -0.004 -17"><span class='ocrx_word' id='word_1_108' title='bbox 248 1751 438 1826; x_wconf 86' lang='lat' dir='ltr'><strong>Graysivodani‚</strong></span> <span class='ocrx_word' id='word_1_109' title='bbox 463 1753 531 1808; x_wconf 93' lang='lat' dir='ltr'><strong>dom.</strong></span> <span class='ocrx_word' id='word_1_110' title='bbox 557 1753 709 1809; x_wconf 88' lang='lat' dir='ltr'><strong>Humbertus</strong></span> <span class='ocrx_word' id='word_1_111' title='bbox 732 1749 807 1807; x_wconf 84' lang='lat' dir='ltr'><strong>Pilati</strong></span> <span class='ocrx_word' id='word_1_112' title='bbox 830 1760 856 1807; x_wconf 92' lang='lat' dir='ltr'><strong>et</strong></span> <span class='ocrx_word' id='word_1_113' title='bbox 877 1751 1000 1807; x_wconf 89' lang='lat' dir='ltr'><strong>lohannes</strong></span> <span class='ocrx_word' id='word_1_114' title='bbox 1014 1751 1108 1807; x_wconf 85' lang='lat' dir='ltr'><strong>Mathei</strong></span> <span class='ocrx_word' id='word_1_115' title='bbox 1122 1759 1286 1825; x_wconf 89' lang='lat' dir='ltr'><strong>reposuerunt</strong></span> <span class='ocrx_word' id='word_1_116' title='bbox 1301 1751 1325 1806; x_wconf 90' lang='lat' dir='ltr'><strong>in</strong></span> 
     </span>
     <span class='ocr_line' id='line_1_15' title="bbox 248 1837 1324 1914; baseline -0.001 -18"><span class='ocrx_word' id='word_1_117' title='bbox 248 1839 352 1896; x_wconf 84' lang='lat' dir='ltr'><strong>archivis</strong></span> <span class='ocrx_word' id='word_1_118' title='bbox 367 1840 548 1914; x_wconf 88' lang='lat' dir='ltr'><strong>dalphinalibus</strong></span> <span class='ocrx_word' id='word_1_119' title='bbox 562 1839 673 1896; x_wconf 85' lang='lat' dir='ltr'><strong>sacristie</strong></span> <span class='ocrx_word' id='word_1_120' title='bbox 687 1838 773 1895; x_wconf 86' lang='lat' dir='ltr'><strong>Sancti</strong></span> <span class='ocrx_word' id='word_1_121' title='bbox 788 1839 896 1911; x_wconf 77' lang='lat' dir='ltr'><strong>Andree,</strong></span> <span class='ocrx_word' id='word_1_122' title='bbox 916 1839 940 1895; x_wconf 91' lang='lat' dir='ltr'><strong>in</strong></span> <span class='ocrx_word' id='word_1_123' title='bbox 955 1837 1037 1896; x_wconf 87' lang='lat' dir='ltr'><strong>colino</strong></span> <span class='ocrx_word' id='word_1_124' title='bbox 1052 1839 1075 1895; x_wconf 86' lang='lat' dir='ltr'><strong>in</strong></span> <span class='ocrx_word' id='word_1_125' title='bbox 1089 1856 1140 1914; x_wconf 92' lang='lat' dir='ltr'><strong>quo</strong></span> <span class='ocrx_word' id='word_1_126' title='bbox 1154 1847 1212 1894; x_wconf 83' lang='lat' dir='ltr'><strong>sunt</strong></span> <span class='ocrx_word' id='word_1_127' title='bbox 1225 1837 1324 1910; x_wconf 88' lang='lat' dir='ltr'><strong>privile·</strong></span> 
     </span>
     <span class='ocr_line' id='line_1_16' title="bbox 247 1925 1324 2002; baseline -0.004 -18"><span class='ocrx_word' id='word_1_128' title='bbox 247 1928 287 2001; x_wconf 86' lang='lat' dir='ltr'><strong>gia</strong></span> <span class='ocrx_word' id='word_1_129' title='bbox 302 1927 490 2002; x_wconf 86' lang='lat' dir='ltr'><strong>imperatorum,</strong></span> <span class='ocrx_word' id='word_1_130' title='bbox 505 1926 578 1984; x_wconf 89' lang='lat' dir='ltr'><strong>videl.</strong></span> <span class='ocrx_word' id='word_1_131' title='bbox 595 1926 619 1983; x_wconf 90' lang='lat' dir='ltr'><strong>in</strong></span> <span class='ocrx_word' id='word_1_132' title='bbox 632 1927 739 2001; x_wconf 90' lang='lat' dir='ltr'><strong>quadam</strong></span> <span class='ocrx_word' id='word_1_133' title='bbox 755 1925 845 2000; x_wconf 87' lang='lat' dir='ltr'><strong>picide,</strong></span> <span class='ocrx_word' id='word_1_134' title='bbox 867 1927 917 1982; x_wconf 94' lang='lat' dir='ltr'><strong>duo</strong></span> <span class='ocrx_word' id='word_1_135' title='bbox 938 1925 1064 2001; x_wconf 83' lang='lat' dir='ltr'><strong>privilegia</strong></span> <span class='ocrx_word' id='word_1_136' title='bbox 1085 1942 1201 1983; x_wconf 86' lang='lat' dir='ltr'><strong>concessa</strong></span> <span class='ocrx_word' id='word_1_137' title='bbox 1220 1925 1324 1982; x_wconf 89' lang='lat' dir='ltr'><strong>domino</strong></span> 
     </span>
     <span class='ocr_line' id='line_1_17' title="bbox 248 2013 1324 2090; baseline -0.002 -18"><span class='ocrx_word' id='word_1_138' title='bbox 248 2025 334 2072; x_wconf 90' lang='lat' dir='ltr'><strong>nostro</strong></span> <span class='ocrx_word' id='word_1_139' title='bbox 348 2015 464 2090; x_wconf 90' lang='lat' dir='ltr'><strong>dalphino</strong></span> <span class='ocrx_word' id='word_1_140' title='bbox 479 2032 523 2090; x_wconf 91' lang='lat' dir='ltr'><strong>per</strong></span> <span class='ocrx_word' id='word_1_141' title='bbox 540 2015 608 2072; x_wconf 90' lang='lat' dir='ltr'><strong>dom.</strong></span> <span class='ocrx_word' id='word_1_142' title='bbox 633 2014 754 2070; x_wconf 87' lang='lat' dir='ltr'><strong>Karolum</strong></span> <span class='ocrx_word' id='word_1_143' title='bbox 779 2013 950 2088; x_wconf 86' lang='lat' dir='ltr'><strong>imperatorem</strong></span> <span class='ocrx_word' id='word_1_144' title='bbox 974 2015 1126 2087; x_wconf 89' lang='lat' dir='ltr'><strong>modernum,</strong></span> <span class='ocrx_word' id='word_1_145' title='bbox 1152 2013 1223 2070; x_wconf 87' lang='lat' dir='ltr'><strong>videl.</strong></span> <span class='ocrx_word' id='word_1_146' title='bbox 1247 2031 1324 2070; x_wconf 91' lang='lat' dir='ltr'><strong>unum</strong></span> 
     </span>
     <span class='ocr_line' id='line_1_18' title="bbox 248 2101 1324 2177; baseline -0.002 -17"><span class='ocrx_word' id='word_1_147' title='bbox 248 2121 321 2177; x_wconf 79' lang='lat' dir='ltr'><strong>super</strong></span> <span class='ocrx_word' id='word_1_148' title='bbox 334 2102 523 2160; x_wconf 82' lang='lat' dir='ltr'><strong>confirmacione</strong></span> <span class='ocrx_word' id='word_1_149' title='bbox 537 2119 748 2177; x_wconf 86' lang='lat' dir='ltr'><strong>quorumcumque</strong></span> <span class='ocrx_word' id='word_1_150' title='bbox 767 2101 948 2176; x_wconf 81' lang='lat' dir='ltr'><strong>privilegiorum</strong></span> <span class='ocrx_word' id='word_1_151' title='bbox 967 2102 1131 2176; x_wconf 88' lang='lat' dir='ltr'><strong>Dalphiuatus</strong></span> <span class='ocrx_word' id='word_1_152' title='bbox 1149 2120 1324 2159; x_wconf 89' lang='lat' dir='ltr'><strong>concessorum</strong></span> 
     </span>
     <span class='ocr_line' id='line_1_19' title="bbox 248 2188 1324 2266; baseline 0.001 -20"><span class='ocrx_word' id='word_1_153' title='bbox 248 2208 291 2263; x_wconf 89' lang='lat' dir='ltr'><strong>per</strong></span> <span class='ocrx_word' id='word_1_154' title='bbox 306 2190 475 2264; x_wconf 86' lang='lat' dir='ltr'><strong>imperatores,</strong></span> <span class='ocrx_word' id='word_1_155' title='bbox 486 2188 552 2246; x_wconf 89' lang='lat' dir='ltr'><strong>aliud</strong></span> <span class='ocrx_word' id='word_1_156' title='bbox 566 2207 639 2264; x_wconf 86' lang='lat' dir='ltr'><strong>super</strong></span> <span class='ocrx_word' id='word_1_157' title='bbox 653 2188 842 2247; x_wconf 82' lang='lat' dir='ltr'><strong>confirmacione</strong></span> <span class='ocrx_word' id='word_1_158' title='bbox 856 2189 1038 2264; x_wconf 83' lang='lat' dir='ltr'><strong>privilegiorum</strong></span> <span class='ocrx_word' id='word_1_159' title='bbox 1054 2199 1206 2246; x_wconf 86' lang='lat' dir='ltr'><strong>monetarum</strong></span> <span class='ocrx_word' id='word_1_160' title='bbox 1220 2190 1324 2266; x_wconf 87' lang='lat' dir='ltr'><strong>Dalphi·</strong></span> 
     </span>
    </p>
   </div>
   <div class='ocr_carea' id='block_1_6' title="bbox 173 2288 330 2334">
    <p class='ocr_par' dir='ltr' id='par_1_8' title="bbox 173 2288 330 2334">
     <span class='ocr_line' id='line_1_20' title="bbox 173 2288 330 2334; baseline 0 0"><span class='ocrx_word' id='word_1_161' title='bbox 173 2299 179 2314; x_wconf 87' lang='lat'>&#39;</span> <span class='ocrx_word' id='word_1_162' title='bbox 249 2288 330 2334; x_wconf 64' lang='lat' dir='ltr'><strong>natus</strong></span> 
     </span>
    </p>
   </div>
   <div class='ocr_carea' id='block_1_7' title="bbox 0 0 1472 4898">
    <p class='ocr_par' dir='ltr' id='par_1_9' title="bbox 0 0 1472 4898">
     <span class='ocr_line' id='line_1_21' title="bbox 0 0 1472 4898; baseline 0 1"><span class='ocrx_word' id='word_1_163' title='bbox 0 0 1472 4898; x_wconf 95' lang='lat' dir='ltr'><strong> </strong></span> 
     </span>
    </p>
   </div>
  </div>
 </body>
</html>
