2894 4906
738 409 917 491 -298-

289 543 377 612 cc'rotn
392 541 744 623 whwonuueertomm
759 553 914 607 eremorum
928 557 979 620 per
993 537 1144 620 quembbct
1154 535 1280 618 ipsorom
1294 534 1351 598 obl

290 651 417 719 satorum
429 657 480 720 pro
493 637 568 722 dicta¹
580 655 653 719 pena
666 636 887 718 recuperandasi
897 635 1067 700 contrarium
1080 633 1195 696 lieretet
1208 631 1293 714 qued.
1308 630 1351 694 alia

173 817 181 824 Ι
291 733 368 798 utilia
378 734 502 811 domino,
520 746 604 816 prout
621 733 741 798 indicto
752 734 842 796 instrto
855 731 1024 796 continetur.

335 831 419 911 1684.
440 837 520 907 ltem,
545 828 631 912 quod.
657 830 694 892 al.
712 829 791 911 publ.
813 829 1026 892 instrumentum
1038 828 1171 911 scriptum
1193 828 1352 890 manuPetri

292 923 421 988 Pellerini
433 924 470 988 de
482 923 623 1010 Quirieco,
638 925 691 990 sub
707 945 782 990 auno
802 927 856 988 uni
879 931 1091 1001 M⁰CCC⁰XVl⁰,
1112 925 1158 988 die
1178 937 1240 990 xvi·
1265 923 1351 986 mersis

229 1074 230 1078 ,
289 1021 368 1102 junii,
378 1021 523 1086 continens
536 1022 564 1086 in
578 1023 679 1088 ellectu
691 1023 914 1106 recognicionem
924 1036 953 1088 et
965 1021 1188 1096 inleudaeionem
1198 1019 1295 1085 iactam
1305 1035 1349 1099 que

291 1139 375 1201 supra
397 1119 426 1182 in
445 1120 557 1201 presed.
579 1121 787 1203 recognicione,
810 1121 896 1184 videl.
921 1120 1010 1202 prima
1033 1120 1121 1186 littera
1141 1115 1351 1198 recogniciouum

291 1216 366 1280 dom¹
375 1216 484 1280 comitis
498 1217 705 1296 Gebennarum,
721 1218 795 1282 idem
809 1217 886 1280 dom.
898 1235 995 1280 comes
1009 1216 1075 1280 lecit
1091 1216 1169 1278 dom⁰
1178 1212 1292 1277 lolmnni
1301 1212 1352 1274 dal

291 1313 375 1396 phino
387 1313 547 1378 Viennensi.
784 1310 788 1325 '

335 1411 419 1492 1685.
437 1417 516 1488 hem,
531 1411 618 1493 quod.
635 1411 712 1494 publ.
727 1411 939 1476 instrumentum
952 1413 1087 1494 scriptum
1099 1431 1183 1476 rnanu
1197 1410 1303 1476 Anselni
1321 1411 1351 1472 de

292 1507 408 1591 Syehint
423 1508 523 1574 notarii
537 1509 615 1591 publ.
630 1509 683 1574 sub
698 1528 773 1574 anno
789 1510 843 1574 oni
857 1517 1073 1586 M⁰CCC⁰XlX⁰,
1086 1509 1173 1574 indic.
1189 1522 1232 1586 ul,
1249 1509 1350 1572 diexnr

290 1604 392 1668 mensis
403 1605 498 1682 madii,
508 1606 653 1670 continens
665 1606 876 1688 promissionem
888 1621 918 1671 et
937 1620 1141 1672 samammrtum
1154 1607 1257 1672 mar
1268 1605 1353 1668 etiar-

290 1702 488 1770 tammandato
507 1702 554 1766 ill¹¹
574 1703 627 1766 riri
643 1704 720 1766 dom.
737 1704 846 1766 comitis
860 1703 1063 1781 Gebennensis,
1082 1703 1118 1766 ad
1132 1701 1284 1768 instantiam
1295 1699 1353 1764 dicti

290 1798 410 1862 linselmi
423 1799 535 1877 notarii,
552 1800 709 1882 recipientis
722 1802 834 1866 nomine
862 1803 935 1866 dom¹
954 1801 1090 1884 delphini,
1113 1817 1164 1884 per
1190 1807 1351 1882 llugonetum

290 1894 326 1960 de
349 1896 482 1979 Druycie,
503 1897 657 1960 iohannem
678 1899 823 1962 llumberti
845 1913 875 1963 et
900 1899 1020 1982 plurium
1038 1899 1154 1962 aliorum
1178 1890 1351 1960 mandameuti

291 1991 464 2056 Chrimontb
474 1993 504 2056 in
520 1993 695 2060 Gebennesio
708 1996 911 2060 nominatorum
931 1997 960 2060 in
974 2016 1049 2078 pres.
1067 1996 1171 2072 instr20,
1187 2013 1278 2056 eorum
1291 2008 1352 2071 pro·

269 2143 272 2151 .
290 2089 356 2172 priis
366 2090 524 2156 nominibus
537 2104 565 2156 et
577 2091 639 2156 vice
653 2106 682 2156 et
699 2093 810 2156 nomine
822 2092 1008 2157 universitatis
1026 2093 1251 2174 singularumque
1262 2105 1348 2170 perso·

290 2207 387 2254 narum
400 2203 522 2270 present.
535 2202 564 2254 et
590 2190 675 2254 futur.
694 2190 881 2260 mandamenti
901 2189 984 2254 castri
1003 2188 1192 2267 clarimontis,
1219 2185 1297 2250 videl.
1320 2183 1350 2245 de

290 2285 452 2366 iurandost
464 2287 610 2370 sequendo
627 2288 822 2370 Dalpbinatum
839 2300 868 2350 et
887 2287 1049 2370 dalphinum
1062 2298 1146 2368 prout
1158 2285 1189 2348 in
1204 2285 1264 2368 ipso
1274 2283 1351 2345 instr¹⁹

292 2383 458 2450 continetur.

335 2480 419 2545 1686.
435 2482 610 2565 ltem,quod.
619 2482 657 2546 al.
672 2483 750 2566 publ.
764 2482 978 2546 instrumentum
993 2481 1127 2562 scriptum
1139 2474 1351 2562 manusymondi

292 2576 811 2661 Vimbertidellonteulsnotariipubl.
824 2577 1021 2642 subannollr'ti
1032 2574 1350 2652 M⁰CCC⁰XXVl⁰‚irrdic.
1417 2587 1418 2622 t

292 2683 334 2746 1⁸,
347 2671 392 2734 die
415 2674 504 2738 sabati
526 2689 590 2740 ante
607 2677 707 2740 testum
736 2676 824 2743 sancti
848 2675 970 2753 Andree,
992 2676 1139 2740 continens
1158 2673 1352 2758 requisitionem

292 2766 393 2830 iactam
415 2789 465 2850 per
496 2770 572 2834 dom.
600 2772 756 2855 origenem
778 2773 906 2849 borrelli,
932 2786 1143 2854 procuratorem
1170 2769 1351 2854 dalphinalem,
1416 2847 1417 2850 Ἴ

293 2863 371 2929 dom⁰
385 2864 478 2930 comiti
494 2868 683 2946 Gebennensi,
694 2871 730 2932 de
742 2870 872 2934 faciendo
883 2869 1044 2951 homagium
1061 2870 1140 2933 dom⁰
1151 2869 1291 2951 delphino.
1416 2859 1417 2886 ¹

337 2963 421 3042 1687.
440 2971 520 3042 item,
541 2966 626 3047 qued.
646 2967 743 3032 lietera
758 2967 787 3031 iu
809 2985 979 3050 pergameno
1010 2965 1115 3048 scripta
1134 2964 1188 3028 sub
1216 2982 1286 3026 anno
1309 2955 1352 3020 Diti

294 3066 496 3140 ttlcccuttlt,
511 3063 558 3126 die
569 3064 664 3132 martis
673 3064 701 3128 in
718 3065 857 3147 quindena
870 3065 899 3128 b¹
912 3063 1066 3140 Michaelis,
1082 3083 1137 3145 que
1153 3063 1219 3127 olim
1233 3061 1282 3124 iuit
1293 3057 1354 3120 duo·
1415 3099 1416 3144 3

294 3156 346 3222 hus
361 3158 455 3241 sigillis
466 3159 494 3224 in
508 3161 640 3243 pendenti
658 3162 786 3244 sigillata,
809 3161 954 3225 continens
974 3161 1223 3243 composicionem,
1243 3171 1353 3222 mamac-

293 3253 397 3320 tionem
409 3268 437 3322 et
452 3257 632 3322 concordiam
646 3258 819 3325 amicabilem
836 3259 937 3322 iactam
956 3258 1029 3322 inter
1045 3271 1176 3340 potentes
1194 3257 1270 3320 viros
1288 3254 1350 3316 dom.
1414 3281 1415 3330 r

299 3351 450 3416 Amedeum
462 3355 591 3420 comitem
606 3355 802 3420 cebennarum
819 3368 847 3420 et
860 3355 940 3420 dom.
957 3363 1106 3438 Hugonem
1120 3354 1263 3438 Dalphini,
1277 3349 1353 3416 domi-
1414 3331 1415 3420 d

295 3467 361 3514 num
379 3451 548 3534 insigniori,
559 3473 643 3535 super
654 3454 767 3536 querela
782 3473 837 3536 que
849 3454 921 3518 inter
932 3454 1008 3536 ipsos
1022 3453 1185 3518 vertebatur
1198 3467 1354 3536 supersunt·

294 3545 431 3612 tructione
450 3551 533 3616 castri
549 3551 681 3628 Gallardi‚
702 3551 848 3616 continens
863 3551 946 3616 etiam
959 3551 1060 3634 quasd.
1082 3551 1151 3614 alias
1165 3548 1353 3614 conventiones

296 3661 379 3726 tttpcr
391 3646 522 3728 predictis
536 3649 607 3714 inter
618 3648 694 3730 ipsos
704 3649 793 3714 factas
802 3662 885 3732 prout
892 3649 921 3712 in
931 3649 1029 3715 eadem
1039 3648 1131 3712 littera
1143 3648 1304 3712 continetur.

341 3739 424 3808 1688.
442 3749 522 3822 item,
536 3744 620 3828 qued.
638 3745 729 3810 littero
749 3746 852 3828 scripta
871 3746 924 3810 sub
942 3765 1016 3810 anno
1040 3745 1095 3810 Diui
1113 3738 1352 3820 M⁰CCC⁰X1⁰,die

297 3835 435 3921 tmepore
449 3841 615 3910 dominicam
635 3863 690 3926 qua
707 3857 834 3908 cantetur
855 3844 1022 3922 Remissere,
1045 3841 1277 3928 continensquod
1285 3840 1350 3902 dour.

299 3931 458 4002 Guillelmus
473 3956 567 4004 comes
595 3939 786 4004 Gebennensis
802 3941 928 4022 promisit
947 3940 1024 4004 dom.
1041 3941 1199 4006 iohannem
1211 3938 1352 4021 dalphinum

299 4029 473 4114 indempnem
487 4034 636 4102 observare
649 4036 685 4102 de
697 4035 875 4118 fidejussione
887 4038 916 4100 in
928 4057 983 4120 qua
996 4058 1049 4120 pro
1061 4038 1125 4122 ipso
1143 4052 1204 4104 erat
1215 4035 1349 4120 ergodom·

300 4137 414 4194 mittem
426 4129 491 4196 dieti
507 4133 615 4200 comitis
625 4133 663 4198 de
677 4133 775 4200 duerio
788 4135 874 4222 ipsius
886 4135 1009 4200 domine.
