2842 4900
614 814 1005 906 REGISTRUM

326 1008 694 1079 INSTRUMENTORUM,
717 1009 973 1080 ttrrsttnttun,
996 1005 1285 1069 Pntvrtsotoxtrn
1391 979 1392 1002 i

394 1123 640 1182 BARONIARUM
663 1123 804 1181 MONTIS
825 1123 973 1196 ALBANI,
997 1124 1228 1184 MEDULIONIS

665 1283 695 1332 ut
710 1269 834 1352 sequitur
846 1269 950 1334 nstv.

720 1487 872 1502 m

271 1999 360 2078 ntiies,
376 2000 468 2081 legum
483 1999 592 2074 doctor,
608 1999 693 2079 judex
710 1999 797 2080 major
811 1999 927 2081 hospicii
942 1998 1106 2081 dalphinalis
1127 2013 1156 2064 et
1170 1999 1255 2062 tocius
1273 1998 1327 2060 Dal·
1394 2064 1395 2088 p

270 2115 411 2197 phinatus,
423 2127 451 2177 et
467 2115 647 2198 Raymundus
661 2114 792 2178 Faiavelli
805 2114 989 2196 jurisperitus,
1003 2113 1151 2177 consiliarii
1165 2113 1325 2196 dalphinaien
1394 2097 1395 2133 i

270 2230 434 2311 inceperunt
446 2230 606 2312 perquirere
617 2244 646 2293 et
661 2229 808 2312 designare
820 2221 1014 2307 instrumenta,
1039 2229 1144 2292 litteras
1155 2243 1184 2292 et
1205 2226 1328 2312 privilegia

271 2343 429 2424 supradicta
443 2343 586 2424 tangentia
599 2343 674 2424 ipsas
690 2343 831 2420 baronias,
852 2343 1002 2406 existentes
1016 2356 1044 2406 et
1057 2343 1202 2406 existentia
1213 2343 1240 2405 in
1249 2339 1327 2404 cofinis

270 2457 399 2540 repositis
412 2457 441 2519 in
459 2457 584 2520 sacristia
602 2457 694 2520 Sancti
721 2457 830 2520 Andree
847 2456 1063 2540 Grationopolis,
1092 2459 1168 2538 juxta
1188 2458 1326 2522 mandatum
1395 2471 1396 2522 t

271 2587 299 2637 et
315 2573 508 2637 comissionern
537 2574 641 2638 eisdem
666 2575 766 2638 iactam
792 2594 842 2657 per
864 2594 956 2638 rever.
974 2575 1003 2638 in
1026 2576 1124 2657 Xpisto
1148 2589 1251 2658 patrem
1263 2573 1324 2635 don.

272 2689 422 2752 Henricunt
436 2688 471 2751 de
488 2690 606 2768 Vilariis,
626 2693 677 2754 Dei
690 2693 778 2776 gratia
793 2692 1029 2774 archiepiscopum
1047 2707 1076 2756 et
1091 2694 1218 2757 comitem
1234 2689 1327 2772 Lugdu-

270 2823 384 2867 nensem
399 2817 427 2866 et
436 2804 668 2869 locumtenentern
682 2807 729 2869 ill¹⁸
744 2806 875 2888 principis
888 2806 960 2868 dom¹
977 2806 1121 2870 Humberti
1135 2806 1252 2888 delphini
1261 2804 1327 2868 Vien-

269 2918 363 2982 nensis
376 2937 474 2981 versus
488 2920 673 3000 anquiarnin
687 2920 802 2982 remotis
817 2921 935 3002 agentis,
954 2921 1070 3000 ajunctis
1083 2940 1147 2984 curn
1165 2921 1264 2984 eisdem
1276 2916 1327 2979 diis

269 3033 383 3096 notariis
400 3032 581 3115 infrascriptis
608 3034 644 3096 ad
670 3033 806 3114 predicta,
833 3034 919 3096 videl.
936 3034 1062 3097 Iohanne
1076 3035 1211 3112 Sadoudi,
1227 3031 1326 3096 manda-

269 3148 354 3211 menti
367 3148 469 3211 Montis
482 3147 602 3225 Bonodi,
613 3147 758 3211 Guillelmo
770 3147 841 3224 Rufri
849 3147 885 3211 de
895 3149 1020 3230 Vapinco
1028 3149 1208 3212 etGuillelnto
1216 3148 1249 3210 de
1256 3153 1327 3208 Portu

269 3263 304 3324 de
312 3271 415 3346 varey,
423 3261 637 3326 ciericonotario
647 3261 720 3324 dom¹
731 3262 945 3344 nostridalphini
955 3263 1122 3345 predicti‚et
1131 3262 1327 3327 Andreadebu-

269 3398 367 3461 rayca;
386 3377 433 3458 qui
447 3376 545 3440 notarii
560 3389 588 3440 et
600 3395 696 3438 eorum
712 3375 827 3457 quilibet
839 3377 1001 3456 juraverunt
1010 3377 1045 3439 ad
1057 3389 1153 3441 sancta
1167 3377 1216 3440 Dei
1229 3382 1325 3438 Euvan·

267 3491 386 3575 gelia,in
394 3491 521 3555 manibus
535 3492 603 3556 dict.
620 3491 739 3554 dr'rorum
755 3493 886 3574 Stephani
900 3505 928 3556 et
943 3493 1110 3576 Raymundi,
1125 3495 1154 3557 in
1167 3490 1297 3576 premissis
1303 3507 1326 3552 se

267 3603 386 3670 fideliter
399 3606 502 3670 habere
517 3620 545 3670 et
566 3606 641 3669 nulla
650 3607 752 3689 scripta
766 3607 801 3670 de
814 3607 945 3688 predictis
964 3608 1023 3671 aliis
1032 3608 1212 3672 existentibus
1222 3608 1249 3670 in
1261 3601 1327 3666 dictis

268 3720 380 3784 scofinis
393 3733 519 3784 extraere
542 3739 592 3783 seu
606 3721 765 3804 deportare,
791 3721 843 3785 nisi
872 3723 907 3786 de
930 3723 1073 3786 voluntate
1089 3736 1117 3786 et
1143 3722 1250 3786 licentia
1273 3715 1325 3780 dicti

269 3835 342 3898 dorn¹
358 3811 558 3918 archiepiscopi
572 3856 621 3900 seu
636 3837 704 3917 dict„
720 3837 840 3900 dnorum
850 3837 982 3919 Stephani
997 3850 1025 3900 et
1038 3837 1207 3920 Raymundi,
1227 3848 1252 3898 et
1264 3832 1323 3895 iden

267 3950 451 4030 juramentum
461 3951 641 4033 prestiterunt
655 3952 721 4015 dicti
735 3952 783 4015 dni
799 3954 954 4034 Stephanus
969 3966 997 4016 et
1012 3953 1203 4036 Raymundus.

308 4170 329 4208 t.
346 4150 460 4226 Registre
474 4155 505 4225 ᾧ,
520 4151 546 4210 ff.
562 4151 569 4225 j
583 4155 598 4209 a
613 4171 687 4211 xxxv.
