2844 4900
85 595 223 658 uomens
232 595 318 657 etiam
327 594 445 677 quedam
459 605 576 675 pactaet
586 591 765 673 allegationes
778 591 866 652 lactas
875 591 948 652 inter
959 589 1036 650 dom.
1050 588 1158 650 archie-

84 693 222 774 piscopum
237 692 424 756 toennensem
439 709 474 753 err
490 709 544 752 una
554 701 633 771 parte
646 702 675 751 et
688 690 764 750 dom.
793 687 976 750 humbertum
1000 685 1160 766 dalphinum

84 810 113 853 ex
126 792 224 854 altera.

116 888 155 970 48
161 905 186 970 ς.
205 893 287 964 Item,
304 885 389 967 quod.
405 883 483 966 publ.
496 885 706 950 instrumentum
724 903 807 946 manu
822 881 917 944 lacobi
933 877 1161 956 Chanreriicon-
1227 939 1232 949 ,

84 985 191 1062 lectum,
211 984 264 1048 sub
279 1003 353 1046 anno
369 983 422 1046 uni
451 989 555 1046 M⁰CC⁰
580 997 692 1066 octuag.
721 989 785 1058 1110,
800 981 886 1043 indic.
914 993 966 1055 xre,
990 976 1079 1060 pridie
1098 975 1162 1038 idus

85 1082 199 1164 augusti,
230 1081 377 1145 continens
408 1081 437 1144 in
475 1081 574 1146 ellectu
598 1081 673 1164 quod
700 1077 926 1159 archiepiscopus
949 1089 978 1140 et
1008 1071 1160 1155 capitulum

84 1177 229 1242 viennens.
245 1190 437 1242 convenerunt
459 1177 539 1240 dom⁰
558 1174 741 1258 H(umberto)
767 1173 899 1255 delphino
927 1169 1005 1252 sequi
1029 1169 1119 1252 ipsurn
1135 1179 1162 1232 et

84 1273 239 1340 deffendere
253 1276 276 1338 si
292 1275 437 1358 quisquam
456 1293 552 1336 eorum
573 1274 749 1354 injuriaretur
764 1271 793 1332 in
808 1270 899 1334 leudis
912 1287 968 1351 que
980 1280 1111 1332 tenentur
1124 1265 1161 1332 ab

85 1370 195 1436 ecclesia
208 1370 361 1436 Viennensi
375 1368 544 1450 supradicta.

119 1465 188 1546 486.
207 1473 288 1543 ltem,
307 1467 394 1549 quod.
409 1465 621 1528 instrumentum
638 1465 740 1526 laetum
754 1483 838 1526 manu
848 1462 982 1526 Iohannis
989 1461 1160 1538 amastrin,

86 1565 132 1628 sub
146 1583 221 1629 anno
232 1566 287 1628 uni
304 1571 577 1642 nt⁰ccc⁰xholtll,‚
592 1563 738 1626 continens
759 1563 904 1644 pactiones
918 1575 947 1624 et
956 1559 1084 1642 homagia
1098 1557 1163 1624 ville

87 1663 268 1742 ethominurn·
281 1662 317 1724 de
329 1662 472 1724 Romanis.

120 1764 188 1843 487.
208 1770 290 1838 Item,
306 1760 393 1842 quod.
409 1759 621 1822 instrumentum
636 1757 739 1820 lactum
760 1778 843 1819 manu
862 1757 963 1819 Humb¹
993 1757 1085 1834 Pilati,
1111 1757 1163 1821 sub

87 1879 153 1921 anno
171 1857 226 1921 Diri
244 1861 490 1934 M0CCC⁰XX1X⁰,
505 1855 653 1919 continens
665 1856 824 1936 homagium
844 1855 939 1940 ligium
956 1855 1029 1917 dom¹
1056 1855 1164 1918 abbatis

88 1955 174 2018 Sancti
186 1953 317 2016 Anthonii
328 1953 492 2017 Viennensis
506 1967 535 2016 et
547 1953 771 2034 recognicionem
785 1953 910 2032 ejusdem
928 1952 963 2014 de
981 1965 1074 2014 castro
1096 1952 1165 2016 red-

89 2049 157 2112 dibili
170 2051 264 2114 Sancti
280 2051 410 2114 Anthonii
421 2052 495 2115 lacta
507 2051 588 2114 dom⁰
614 2051 735 2132 Guigoni
748 2051 892 2132 delphino.

123 2147 189 2226 488.
207 2153 290 2224 item,
307 2147 394 2228 quod.
423 2149 635 2211 instrumemum
652 2149 754 2212 facturn
771 2168 855 2210 manu
873 2147 969 2210 Jacobi
991 2147 1099 2210 Faverii
1128 2146 1164 2210 de

90 2249 174 2318 thura,
190 2242 242 2306 sub
256 2263 332 2306 anno
349 2244 403 2308 Diri
419 2247 705 2321 tn0cccoxxxv11,‚
730 2246 876 2310 continens
900 2244 1122 2309 declaracionern
1137 2255 1165 2307 et

90 2341 340 2420 pronunciationem
349 2342 455 2404 consilii
469 2342 645 2422 dalphinalis,
655 2342 730 2423 quod
741 2343 818 2404 donn.
833 2349 969 2426 hymarus
981 2343 1017 2405 de
1026 2342 1162 2419 pictavia,

92 2456 178 2501 comes
192 2439 369 2502 valentinen.
388 2451 416 2501 et
431 2439 552 2516 niensis,
568 2451 611 2501 est
630 2451 659 2501 et
675 2459 737 2501 esse
754 2439 838 2502 debet
853 2439 937 2504 homo
965 2439 1046 2522 ligius
1060 2439 1165 2502 domini

92 2536 171 2598 nostri
183 2536 306 2618 dalphini
315 2535 479 2599 Viennensis
492 2549 556 2599 ante
563 2553 661 2599 omnes
675 2555 810 2617 personas
821 2549 840 2598 ¹.

129 2632 193 2714 489.
221 2637 301 2708 ltem,
332 2633 425 2712 plures
447 2632 544 2694 lictere
566 2632 643 2713 regie
674 2632 783 2695 reddite
807 2652 858 2715 per
885 2633 962 2695 dom.
989 2632 1164 2696 odobettum

95 2727 226 2792 dominum
240 2727 329 2792 castri
345 2730 418 2790 Novi
435 2729 547 2811 quando
557 2727 609 2791 fuit
622 2727 674 2791 sibi
688 2729 819 2793 traditum
835 2743 956 2792 castrum
979 2729 1014 2792 de
1028 2731 1165 2794 Pomeriis

96 2825 214 2888 adrium
228 2845 318 2888 suam.

127 3035 182 3092 490.
197 3021 270 3078 Anno
285 3018 384 3078 Domini
399 3019 736 3080 nocumentum
751 3019 839 3076 mensis
852 3019 1008 3094 septembris,
1027 3019 1083 3076 nnis
1101 3020 1164 3086 R(o·

99 3104 189 3180 dulpho)
202 3107 303 3166 domino
317 3107 349 3166 de
362 3109 511 3181 Louppeyo,
526 3107 700 3166 locumtenenti
714 3108 781 3164 dorui
794 3106 904 3181 delphini
919 3107 1073 3178 Viennensis,
1094 3108 1164 3174 Atm-

100 3193 183 3262 hlardo)
204 3195 304 3253 domino
332 3193 517 3267 Bellimtontis)‚
539 3193 666 3260 lolhanni)
687 3194 717 3252 de
735 3195 829 3266 Bosco,
844 3193 919 3266 judici
933 3191 1124 3266 Graysivodani,
1139 3201 1165 3248 et

102 3280 195 3352 pluribus
212 3283 265 3342 aliis
286 3283 353 3340 dom.
376 3284 529 3340 Humbertus
548 3282 623 3338 Pilati
645 3281 752 3339 reddidit
772 3281 898 3356 quoddam
920 3279 1045 3355 publicum
1073 3279 1164 3336 instru-

101 3380 201 3444 mentum,
228 3369 358 3428 continens
386 3369 600 3428 confirmacionem
622 3371 712 3426 lactem
727 3388 771 3444 per
791 3370 860 3426 dont.
885 3367 1025 3424 Tassietam
1040 3367 1164 3428 dominam

103 3455 200 3534 llontilii,
215 3455 330 3518 tutricem
345 3457 474 3516 Giraudeti
487 3457 529 3514 filii
544 3457 592 3530 sui,
606 3467 632 3514 et
645 3457 799 3531 fidejussores
813 3458 887 3514 datos
901 3475 945 3532 per
959 3474 1013 3512 eant
1023 3473 1097 3530 super
1107 3474 1164 3530 pac·

103 3540 192 3606 tionibus
204 3557 230 3605 et
244 3545 399 3621 (slponsione
413 3545 479 3602 salve
501 3545 586 3618 gardie
601 3543 687 3602 sibiet
705 3543 843 3602 hominibus
867 3543 917 3602 suis
940 3544 971 3599 de
994 3541 1119 3616 Montilio,
1134 3543 1166 3599 de

103 3629 194 3706 hnuto,
222 3633 319 3693 bastide
342 3636 372 3690 de
390 3634 472 3690 Verro
494 3643 520 3689 et
533 3631 679 3707 Espelucbie
693 3650 807 3690 concesse
821 3650 865 3706 per
879 3632 947 3690 donn.
963 3629 1119 3690 Guillelmunt
1135 3632 1165 3690 de

105 3715 210 3794 llergeyo,
225 3721 430 3778 locumtenentenr
444 3720 509 3776 dorni
530 3717 639 3793 dalphini
653 3718 808 3791 Viennensis,
823 3719 855 3776 ad
869 3736 885 3776 x
900 3736 987 3776 annos.
1139 3719 1142 3726 ’

131 3825 184 3880 491.
198 3809 256 3864 ltenr
270 3807 315 3864 luit
329 3807 417 3864 ibidem
431 3807 513 3884 posita
528 3825 572 3882 per
586 3808 653 3864 dom.
670 3807 830 3880 Rodulphum
845 3805 970 3870 dominum
985 3807 1016 3864 de
1030 3809 1162 3884 Luppeyo‚

107 3893 274 3962 gubernatorem
289 3894 463 3969 Dalphinatus‚
474 3912 539 3951 anno
553 3893 605 3950 Dii
620 3895 840 3967 M·CCC·LXlll·,
850 3897 923 3970 qued.
940 3896 1025 3954 lietera
1040 3913 1164 3971 pergame·

108 3982 243 4054 neaplumbo
252 3981 357 4056 bullata,
367 3981 494 4038 continens
508 3979 721 4039 confirmacionem
736 3980 878 4055 pactionum
893 3982 957 4038 dom*
974 3981 1075 4039 Amedei
1090 3982 1163 4038 comi·

142 4197 161 4235 r.
170 4149 209 4236 ¹En
223 4201 253 4239 m.
268 4185 322 4240 Noa
336 4184 366 4240 de
380 4183 495 4256 homagio
510 4181 606 4238 comitis
620 4181 747 4238 valentin.
