2842 4900
728 467 907 530 -260-

276 617 305 668 et
317 603 503 684 subscriptum
515 618 598 662 manu
614 599 744 682 Peroneti
760 598 796 662 de
808 605 910 663 Sancto
928 597 1054 681 Nycolao
1079 597 1115 658 de
1143 595 1241 672 clusis,
1266 593 1340 656 conti·

275 718 345 765 nens
356 714 481 764 tenorem
492 697 601 779 cujusd.
616 697 693 780 publ.
709 696 884 760 instrumenti
912 695 1007 777 scripti
1030 713 1114 757 manu
1128 693 1196 757 dicti
1213 690 1339 773 Stephani,

276 805 374 882 inquo
388 796 582 861 continebatur
597 795 672 878 quod
688 795 767 858 dom·
782 795 937 858 Iohanneta
950 792 1062 856 domina
1077 792 1112 854 de
1128 798 1177 854 Ias
1192 787 1341 872 recognovit

276 916 307 961 se
320 911 416 960 tenere
430 916 446 958 a
460 894 572 958 domino
592 893 751 974 Fucigniaci
765 892 899 974 quidquid
909 891 994 954 habet
1007 890 1036 952 in
1046 888 1110 952 villa
1125 902 1155 952 et
1167 902 1241 952 terra
1256 893 1341 950 Sancte

276 994 364 1056 Mario
379 993 415 1056 de
429 993 544 1077 Pusyei,
563 991 598 1054 de
614 997 720 1074 Omay,
739 989 774 1052 de
790 996 917 1072 Manyes,
936 987 971 1050 de
987 994 1138 1071 Roseyres,
1161 986 1197 1048 d'e
1215 992 1342 1048 Brecone-

275 1091 327 1168 ria,
351 1091 386 1154 de
403 1090 518 1166 Visinel,
542 1089 577 1152 de
593 1089 734 1164 Brucinei,
754 1088 789 1149 de
810 1087 885 1150 Vilar
904 1093 1011 1161 Tenon,
1030 1085 1066 1148 de
1083 1084 1157 1148 Vilar
1181 1083 1339 1158 Tresineras,

275 1190 311 1252 de
323 1189 399 1251 vilar
413 1188 521 1251 cellant
536 1201 564 1250 et
584 1187 619 1250 de
633 1195 740 1269 Maynt‚
755 1198 784 1248 et
795 1205 880 1267 super
891 1183 1048 1248 hominibus
1059 1181 1160 1265 prioris
1167 1181 1203 1244 de
1218 1188 1341 1264 Patermy

277 1301 306 1350 et
321 1286 509 1349 habitantibus
518 1285 546 1347 in
561 1285 634 1348 dicta
647 1298 723 1352 terra
738 1297 758 1347 ¹.

321 1382 405 1464 1467.
423 1390 502 1461 Item,
515 1383 601 1466 quod.
616 1384 653 1446 al.
670 1383 747 1464 publ.
762 1383 973 1446 instrumentum
986 1381 1119 1464 scriptum
1131 1401 1215 1445 manu
1227 1378 1341 1463 Stephani

276 1481 312 1544 de
329 1481 419 1564 Siyes,
435 1481 486 1544 sub
516 1501 589 1544 anno
618 1480 672 1544 Diri
689 1483 897 1559 MIIICIIC⁰VI⁰,
913 1481 999 1543 indic.
1019 1493 1072 1556 int,
1089 1480 1134 1543 die
1146 1480 1218 1560 jovis
1231 1479 1257 1541 in
1272 1496 1342 1542 cras-

274 1578 362 1642 tinum
374 1578 581 1659 Assumpcionis
593 1578 675 1640 beate
691 1579 789 1656 Marie,
802 1585 901 1642 Petrus
912 1579 947 1641 de
960 1578 1078 1661 Coisyer
1087 1577 1246 1640 domicellus
1255 1594 1343 1655 recog·

276 1676 355 1738 novit
368 1689 503 1739 setenere
516 1676 545 1738 in
560 1676 700 1739 leuduma
714 1675 793 1738 dom²
807 1676 962 1758 B(eatrice)
977 1675 1088 1738 domina
1106 1673 1261 1757 Fucigniaci
1275 1672 1343 1754 plura

277 1773 405 1854 homagia
420 1785 551 1836 contenta
561 1773 589 1834 in
604 1773 824 1854 dimetienter
838 1791 990 1836 omnesres
1002 1772 1150 1854 quasdict.
1164 1769 1342 1835 Petrusbabet

276 1871 305 1934 in
321 1871 437 1935 baronia
452 1869 611 1953 Fucigniaci
625 1891 641 1934 a
653 1877 732 1934 Bona
746 1872 884 1953 superius.

323 1970 407 2051 1468.
428 1977 513 2045 Item,
531 1969 617 2052 quod.
634 1969 711 2050 publ.
731 1970 943 2034 instrumentum
961 1969 1193 2050 scriptum‘manu
1212 1967 1281 2031 Petri
1302 1965 1342 2028 Bi-

278 2067 349 2130 viaci
361 2067 460 2129 notarii
475 2066 552 2148 publ.
570 2066 621 2128 sub
637 2086 710 2129 anno
724 2068 778 2130 Diri
789 2070 898 2146 M⁰III⁰,
915 2066 1011 2130 indict.
1025 2081 1099 2144 XIIII,
1118 2086 1167 2129 xvr
1184 2067 1227 2128 die
1241 2078 1342 2147 septem⁴

278 2165 346 2243 bris,
364 2164 510 2228 continens
522 2164 597 2246 quod
610 2171 709 2227 Petrus
728 2165 764 2227 de
777 2166 874 2229 Chisse
895 2166 1014 2228 condam
1032 2165 1177 2228 consessus
1191 2165 1240 2228 tuit
1252 2183 1279 2226 se
1291 2179 1342 2225 esse

278 2265 416 2342 hominem
433 2263 527 2345 ligium
538 2262 616 2325 dom⁸
629 2262 791 2346 B(eatricis)
805 2264 917 2326 domme
933 2263 1093 2345 Fucigniaci
1111 2279 1140 2328 et
1153 2264 1290 2326 consessus
1301 2259 1342 2322 iuit

282 2382 313 2426 se
326 2376 423 2425 tenere
438 2361 474 2424 de
491 2360 614 2423 dominio
631 2375 659 2423 et
671 2361 756 2423 teudo
768 2361 842 2423 dicte
856 2361 967 2423 domine
978 2361 1111 2443 quidquid
1125 2360 1201 2424 dom.
1219 2357 1340 2424 Emericus

263 2467 267 2475 '
279 2461 316 2524 de
323 2460 420 2522 Chisse
427 2474 455 2522 et
464 2467 475 2520 I
480 2460 605 2521 ohannes
616 2473 695 2539 pater
704 2460 791 2541 ipsius
801 2459 876 2522 Petri
885 2459 1018 2522 tenebant
1025 2461 1054 2522 in
1064 2459 1180 2523 baronia
1190 2453 1340 2540 Fucigniaci.

323 2557 409 2638 1469.
425 2564 505 2633 Item,
517 2556 603 2639 quod.
616 2556 652 2618 al.
665 2556 742 2638 publ.
759 2557 972 2620 instrumentum
984 2558 1118 2641 scriptum
1133 2579 1216 2621 manu
1227 2551 1342 2639 Stephani

194 2705 196 2708 .
279 2652 315 2714 de
337 2660 447 2736 Deseye
460 2654 561 2716 notarii
575 2654 652 2736 publ.
674 2655 726 2718 sub
743 2675 818 2718 anno
839 2657 893 2719 Diri
916 2659 1109 2735 m⁰110xc⁰v⁰,
1133 2658 1230 2720 indict.
1245 2669 1292 2732 nrt,
1305 2653 1341 2715 dle

231 2743 237 2818 Ῐ
279 2750 375 2812 martis
388 2764 451 2831 post
465 2752 579 2814 octabas
590 2752 742 2834 Epiphanie
756 2754 877 2830 Domini,
894 2755 1041 2819 continens
1054 2757 1130 2838 quod
1140 2758 1275 2821 Amedeus
1285 2761 1342 2818 Dar·

280 2847 356 2924 delli,
378 2847 450 2910 hlius
475 2850 593 2912 condam
615 2851 687 2913 dom¹
710 2853 825 2915 Amedei
850 2853 973 2917 Dardelli
997 2853 1100 2931 militis,
1127 2874 1187 2934 res,
1210 2872 1300 2918 census
1319 2863 1343 2912 et
1404 2909 1405 2915 ,

280 2945 408 3029 homagia
422 2947 610 3030 inhascriptas
634 2963 662 3013 et
688 2949 774 3028 in·ta‚
793 2971 848 3033 que
863 2966 891 3015 et
904 2973 973 3034 quas
991 2953 1105 3016 tenebat
1122 2967 1153 3016 ut
1168 2952 1300 3018 asserebat
1311 2947 1342 3010 de

279 3063 349 3125 puro
365 3059 392 3107 et
402 3046 498 3110 franco
508 3047 610 3125 alodio,
622 3049 890 3130 accepitinleudum
899 3050 935 3114 ab
945 3051 981 3113 ill¹
989 3051 1100 3114 domina
1111 3052 1188 3115 dom.
1204 3046 1341 3134 B(eatrice)

280 3142 438 3224 Fucigniaci
455 3158 482 3206 et
497 3165 529 3208 ea
547 3145 690 3208 confessus
706 3147 758 3209 luit
770 3160 866 3211 tenere
881 3149 917 3211 ab
934 3150 1043 3227 eadem,
1062 3163 1091 3213 et
1104 3169 1155 3232 pro
1176 3150 1241 3232 ipsis
1265 3145 1340 3210 eidem

278 3239 436 3322 homagium
450 3241 544 3324 ligium
561 3243 680 3325 prestitit
695 3257 724 3307 et
739 3264 791 3325 pro
806 3245 938 3326 predictis
955 3246 1099 3309 confessus
1113 3246 1166 3309 fuit
1179 3266 1210 3308 se
1229 3241 1341 3309 habuisse

279 3337 315 3400 ab
328 3339 425 3401 eadem
435 3359 472 3401 xx
484 3341 567 3404 libras
581 3341 758 3422 Gebennen.,
780 3344 938 3425 supradicte
952 3363 997 3408 res
1020 3358 1048 3409 et
1069 3364 1170 3409 census
1184 3343 1342 3408 continentur
1403 3373 1404 3403 r

278 3435 307 3498 in
324 3435 398 3500 dicto
410 3437 512 3504 Insere.

324 3551 408 3612 1470.
424 3542 503 3612 Item,
518 3537 603 3619 qued.
616 3538 694 3602 litera
717 3540 745 3601 in
758 3538 890 3621 pendenti
905 3537 1022 3620 sigillata
1039 3538 1129 3621 sigillo
1145 3538 1222 3602 curie
1235 3531 1341 3600 officialis

279 3630 423 3708 Gebenne,
439 3633 541 3714 scripta
554 3655 636 3696 manu
658 3636 771 3699 Amedei
786 3636 822 3698 de
840 3635 987 3698 Vondores
1001 3635 1093 3698 clerici
1109 3635 1183 3698 dicte
1204 3635 1286 3709 curie,
1300 3627 1342 3692 sub

279 3747 352 3790 anno
368 3730 421 3792 Dr'ri
439 3734 522 3793 IIIIIIc
536 3742 651 3815 octuagI
668 3735 861 3814 I⁰‚continens
876 3734 952 3815 quod
965 3734 1043 3796 domt
1059 3734 1158 3797 hlissia
1175 3733 1267 3801 relicta
1283 3724 1342 3791 dom‘
1376 3767 1377 3770 =

280 3825 417 3888 Guillelmi
429 3827 465 3890 de
477 3830 643 3912 Greyssiaco
651 3831 742 3894 militis
756 3832 840 3896 solvit
852 3846 880 3895 et
897 3832 1026 3914 quittavit
1038 3833 1072 3896 ill¹
1084 3833 1160 3896 dom.
1180 3829 1292 3896 Beatrici
1302 3826 1343 3887 do·
1402 3867 1403 3893 r

278 3922 352 3984 mine
379 3925 537 4006 Fucigniaci
554 3927 809 4010 impignorationem
827 3950 876 3993 seu
899 3932 1066 4014 ypothecam
1086 3951 1157 4012 quas
1185 3928 1299 3993 habebat
1319 3922 1343 3983 in

279 4034 371 4084 castm
383 4034 411 4084 et
419 4023 616 4089 mandamento
640 4027 676 4089 de
689 4033 837 4112 Nemyaco
850 4041 879 4091 et
890 4026 919 4091 in
934 4028 1066 4094 fidelitate
1090 4028 1118 4092 in
1146 4049 1202 4112 qua
1214 4024 1343 4092 tenebatur

321 4243 341 4283 t.
359 4227 398 4284 En
412 4247 445 4286 m.
461 4229 499 4287 De
514 4231 562 4288 hoc
576 4229 679 4290 multum
694 4229 814 4306 indigeret
828 4231 969 4292 castellania
986 4232 1085 4308 Alingii.
