2844 4900
698 445 738 458 -
763 429 772 474 Ι
798 429 818 490 4
838 440 875 460 ι-

246 539 321 622 quod
338 539 439 604 dicitur
465 541 491 602 le
515 559 575 602 uras
596 540 632 603 de
658 540 684 602 le
708 429 841 614 Comhtz,
856 541 938 603 situm
955 541 983 602 in
998 539 1138 602 territorio
1160 538 1311 622 Vorapii‚et

246 636 377 719 quicquid
393 637 467 698 idem
482 637 641 698 Guillredus
656 637 819 719 possidebat
828 638 857 700 in
870 636 1010 701 territorio
1026 636 1142 719 Vorapii
1158 649 1178 698 ¹.

287 735 357 811 767.
373 739 452 808 ltem,
467 733 553 815 qued.
572 732 662 795 littere
678 733 795 816 sigillate
809 734 837 795 in
851 733 983 817 pendenti
997 732 1107 795 duobus
1121 732 1225 814 sigillis,
1235 733 1310 796 videl.

247 829 337 912 sigillo
352 830 426 891 dom¹
439 830 574 912 Gulgonis
590 831 712 913 dalphini
726 847 754 894 et
768 831 904 913 Guigonis
926 832 961 895 de
984 831 1137 912 Rupecula,
1154 830 1252 912 scripte
1267 831 1311 892 sub

247 946 321 989 anno
344 927 398 988 Diri
418 933 635 1004 M⁰CC⁰XL1X⁰,
653 927 799 991 continens
818 928 894 1010 quod
911 929 986 990 doro.
1006 927 1097 1009 Guigo
1120 927 1156 988 de
1183 926 1312 1008 Rupecula

141 1097 142 1100 Ἴ
248 1023 469 1104 recognoscebat
484 1045 515 1086 se
527 1037 623 1088 tenere
633 1025 662 1086 in
675 1026 821 1087 leuduma
843 1026 919 1088 dicto
944 1025 1021 1088 dom.
1046 1024 1178 1106 dalphino
1193 1023 1312 1106 quicquid

248 1120 380 1198 habebat,
391 1121 554 1203 possidebat
566 1122 611 1184 vel
625 1123 695 1185 alius
711 1143 762 1205 pro
777 1143 812 1184 eo
827 1123 900 1204 apud
913 1121 1081 1184 hlavardum
1095 1134 1124 1183 et
1138 1121 1167 1182 in
1180 1133 1237 1183 tota
1251 1119 1312 1182 valle

248 1217 389 1295 hlavardi,
405 1233 433 1282 et
444 1232 505 1282 erat
517 1234 609 1283 actum
626 1220 702 1302 quod
716 1220 739 1282 si
752 1220 858 1284 faceret
873 1221 986 1282 domum
1001 1220 1101 1282 fortem
1114 1217 1144 1280 in
1159 1217 1232 1280 dicta
1253 1216 1314 1280 valle

248 1312 324 1395 quod
337 1325 480 1377 teneretur
494 1315 637 1378 reddibilis
651 1316 687 1379 ab
702 1317 813 1378 eodem.

289 1409 359 1488 768.
378 1417 457 1488 ltem,
474 1412 561 1494 quod.
576 1412 655 1495 publ.
677 1413 890 1476 instrumentum
905 1413 1062 1476 conlectum
1077 1433 1160 1475 manu
1175 1411 1249 1475 Petri
1260 1411 1314 1474 Vil-

248 1506 322 1570 lelmi
338 1508 410 1572 sacri
423 1507 515 1589 palatii
528 1509 670 1592 (notarii),
688 1510 740 1573 sub
757 1530 831 1572 anno
848 1511 901 1572 Dr‘ri
919 1513 1134 1588 M011⁰xtllll⁰,
1145 1525 1199 1573 xn0
1212 1509 1313 1572 kalend.

248 1604 327 1685 junii,
344 1605 491 1668 continens
502 1606 578 1688 quod
596 1613 678 1688 Hugo
695 1606 767 1670 lilius
781 1607 915 1670 Guillredi
930 1609 1043 1690 Magnln
1075 1608 1184 1689 accepit
1208 1628 1224 1669 a
1249 1607 1317 1668 dom⁰

250 1702 349 1766 Odone
364 1702 508 1765 hlamandi
529 1703 643 1786 quiquid
659 1704 774 1768 habeta
792 1706 957 1768 l'estontour
973 1707 1009 1768 de
1027 1705 1149 1768 Brenino
1179 1725 1263 1787 usque
1285 1703 1315 1766 ad

252 1808 375 1862 Mentem
385 1801 532 1862 Bonodum
543 1815 571 1864 et
581 1822 597 1862 a
607 1815 693 1864 strata
707 1802 818 1885 publica
827 1803 952 1879 inferius,
963 1802 1037 1864 unde
1049 1801 1115 1865 lecit
1129 1802 1282 1884 homagium
1288 1801 1318 1862 ad

250 1897 327 1958 salva
340 1895 473 1960 fidelitate
488 1897 561 1960 dom¹
583 1898 705 1979 delphini
721 1912 743 1960 ².

290 1994 360 2078 769.
378 2001 459 2070 Item,
472 1996 556 2077 qued.
573 1996 669 2059 lictera
685 1997 803 2078 sigillata
816 1997 843 2059 in
857 1997 990 2080 pendenti
1002 1996 1092 2059 tribus
1105 1995 1211 2078 sigillis,
1227 1993 1318 2076 scripta

251 2091 303 2154 sub
313 2111 387 2154 anno
406 2091 462 2154 Dr'ri
481 2096 665 2170 M⁰ll⁰LVll⁰,
679 2093 776 2156 indict.
789 2112 837 2170 xv,
851 2094 896 2156 die
910 2093 1021 2156 veneris
1037 2107 1101 2157 ante
1114 2093 1317 2166 penthecosten,
1403 2083 1404 2118 ³

250 2189 397 2252 continens
424 2190 656 2272 compromissum
670 2190 773 2252 lactum
792 2191 820 2252 in
835 2190 911 2253 dom.
933 2183 1090 2272 Guigonein
1120 2190 1241 2272 delphini
1256 2190 1319 2252 inter

252 2287 443 2349 Fromundum
458 2288 493 2349 de
517 2288 642 2368 Morgiis,
670 2287 756 2350 filium
770 2288 890 2350 condam
908 2288 982 2350 dom¹
1000 2288 1077 2351 Petri
1093 2288 1128 2350 de
1144 2287 1265 2370 lllorgiis,
1290 2307 1320 2349 ex

252 2403 308 2445 una
336 2397 415 2465 parte
442 2398 469 2446 et
491 2385 686 2468 Raymundum
707 2386 869 2467 Berengarii
894 2406 929 2448 ex
948 2386 1052 2463 altera,
1083 2400 1121 2448 et.
1140 2406 1196 2448 non
1229 2399 1269 2448 est
1287 2385 1320 2447 ibi

252 2480 445 2561 pronuntiacio
459 2501 543 2562 super
555 2483 673 2545 diversis
689 2484 882 2565 questionibus
894 2484 1068 2547 vertentibus
1081 2484 1154 2547 inter
1168 2485 1253 2565 ipsos.

269 2649 273 2657 .
291 2597 362 2657 770.
379 2586 459 2656 ltem,
474 2580 560 2662 qued.
572 2580 625 2642 alia
639 2601 741 2662 magna
756 2582 852 2645 lictcra
865 2582 983 2663 sigillata
999 2583 1089 2664 sigillo
1106 2583 1180 2645 dom¹
1197 2581 1319 2664 Guigonis

252 2676 374 2758 dalphini
385 2677 413 2738 in
426 2676 569 2758 pendenti,
588 2677 689 2759 scripta
706 2679 758 2741 sub
772 2699 846 2741 anno
867 2680 922 2742 Diri
950 2686 1165 2756 M⁰CC⁰LVlll⁰‚
1182 2680 1274 2742 indict.
1291 2691 1317 2753 1²,
1404 2683 1405 2724 l

253 2769 298 2834 die
318 2787 392 2834 xum
403 2773 517 2836 kalend.
549 2775 655 2850 marcii,
688 2775 835 2839 continens
856 2796 1018 2859 processum
1035 2790 1064 2839 et
1080 2777 1318 2858 pronuntiationem

252 2869 354 2932 factam
367 2890 418 2951 per
442 2871 547 2933 dictum
577 2872 654 2935 dom.
678 2872 835 2956 Guigonem
857 2873 1017 2955 dalphinum
1044 2894 1129 2956 super
1143 2872 1319 2956 questionibus

253 2966 427 3030 vertentibus
433 2967 505 3030 inter
517 2967 608 3031 dictos
618 2970 807 3031 Fromundum
815 2971 851 3032 de
861 2971 976 3052 Morgiis
986 2985 1013 3033 et
1024 2971 1219 3054 Raymundum
1230 2977 1320 3032 Beren-

253 3063 335 3144 garii,
364 3064 399 3126 de
422 3064 523 3147 quibus
538 3063 569 3129 ht
585 3066 689 3129 mentio
711 3067 740 3128 in
763 3067 859 3130 lietera
878 3068 1071 3149 compromissi
1094 3089 1179 3151 supra
1208 3067 1319 3150 proxime

253 3161 409 3242 registrata.

293 3276 362 3336 771.
376 3265 456 3336 ltem,
472 3259 560 3341 quod.
573 3259 785 3322 instrumentum
800 3261 957 3324 conlectum
973 3281 1056 3324 manu
1073 3268 1149 3343 Hug.
1168 3257 1319 3324 Chabueillii

253 3355 352 3417 notarii
369 3356 447 3438 publ.
471 3355 522 3419 sub
546 3376 620 3419 anno
634 3365 744 3420 lncam.
775 3358 862 3420 Dhice
885 3361 1109 3436 M011⁰XCV1110,
1131 3360 1320 3434 indic.x1³,1x

252 3453 509 3531 kalendoctobris,
524 3455 669 3518 continens
684 3455 759 3537 quod
774 3462 874 3519 Petrus
884 3457 1021 3532 Felicerii,
1037 3456 1176 3519 habitator
1185 3455 1321 3540 parrochie

253 3550 289 3613 de
302 3551 431 3635 hybeno,
455 3554 599 3618 confessus
624 3554 674 3616 luit
701 3573 731 3616 se
745 3567 842 3616 tenere
872 3555 900 3617 in
924 3553 1038 3618 feudum
1064 3556 1177 3616 adom⁰
1200 3553 1321 3636 dalphino

252 3649 401 3713 Viennensi
416 3651 529 3713 domurn
546 3672 624 3714 suam
640 3664 668 3714 et
681 3651 760 3734 plura
773 3651 825 3714 alia
840 3666 971 3715 contenta
985 3652 1100 3715 indicto
1113 3651 1205 3715 instr¹⁰
1227 3665 1248 3713 3.

294 3766 364 3826 772.
380 3754 459 3823 ltem,
476 3747 532 3810 duo
541 3749 619 3831 publ.
635 3747 818 3811 instrumenta
829 3749 856 3811 in
864 3769 918 3811 una
928 3749 1000 3830 pelle
1016 3750 1119 3831 scripta
1129 3771 1213 3812 manu
1228 3737 1323 3811 lohan-

165 3913 168 3920 ,
221 3893 223 3898 .
254 3843 297 3906 nis
307 3845 342 3905 de
350 3843 592 3907 Valamanderies.
604 3845 697 3928 palatii
708 3845 807 3909 notarii
819 3845 911 3929 publ,
920 3846 972 3908 sub
986 3867 1059 3909 anno
1069 3847 1321 3918 DhiM⁰CC⁰LXll⁰,

295 4088 317 4128 r.
333 4072 372 4128 En
386 4091 419 4130 m.
434 4069 534 4130 S'ciatur
548 4074 590 4147 qui
605 4073 663 4130 illud
678 4072 798 4149 possidet.
814 4104 848 4114 -
865 4091 889 4130 2.
906 4075 945 4129 En
959 4094 991 4132 m.
1007 4074 1108 4133 sciatur
1126 4075 1168 4150 qui
1183 4077 1214 4133 de
1227 4071 1321 4151 presenti

256 4152 323 4200 tenet
337 4141 394 4200 illic.
411 4176 443 4186 -
461 4163 485 4218 3.
500 4144 539 4200 lin
553 4163 587 4201 m.
603 4147 645 4201 Sc.
662 4162 688 4217 q.
705 4155 725 4200 t.
741 4144 772 4201 de
786 4162 826 4218 pr.
842 4143 910 4201 illud.
