2842 4900
700 441 879 520 ..246-

247 571 439 654 recognitione
447 571 520 634 lacta
531 590 582 652 per
592 577 669 634 Bert.
682 569 958 648 Oliven'i,dominum
969 563 1175 648 Goremeti,de
1183 569 1259 633 facto
1268 575 1328 632 Go-

245 669 353 732 vemeti
365 681 393 732 et
406 667 537 750 homagio
552 667 618 731 inde
640 682 750 752 sequto.
769 702 810 716 —
832 685 917 749 1394.
935 673 1015 745 ltem,
1031 685 1116 748 super
1135 666 1328 748 recognitione

245 765 318 828 facta
332 785 383 847 per
394 759 547 827 iohannem
558 763 783 848 Aynardi,tilium
794 764 936 846 quondam
946 762 1020 826 dom*
1028 761 1184 846 Raymundi
1191 761 1327 846 aymardi,

213 901 216 906 ,
246 862 282 925 de
292 874 384 926 castro
401 857 537 924 cumerii.
554 897 592 908 —
621 881 706 945 1395.
736 869 815 939 Item,
834 879 967 944 supereo
981 859 1056 942 quod
1080 860 1174 942 plures
1202 859 1330 924 homines

247 960 317 1022 Buxi
333 959 371 1022 ibi
377 973 523 1041 presentes
536 961 657 1024 confessi
673 961 786 1023 fuerunt
805 979 836 1024 se
857 977 919 1022 esse
933 958 1060 1022 homines
1074 957 1154 1040 ligius
1167 955 1235 1022 dicti
1250 959 1328 1022 dom.

181 1099 182 1102 κ
246 1056 368 1140 delphini
382 1069 446 1138 post
459 1057 565 1120 obitum
582 1057 648 1121 dicti
664 1058 740 1129 dom.
760 1056 936 1120 Medullionis
949 1069 978 1120 et
991 1055 1082 1119 eidem
1097 1055 1174 1119 doru.
1195 1055 1329 1138 delphino

245 1153 425 1238 prestiterunt
443 1153 596 1234 juramenta
619 1153 771 1218 fidelitatis.

285 1251 492 1334 subsequenter
504 1271 584 1329 vero,
601 1251 709 1334 prelato
727 1249 840 1314 domino
864 1249 1042 1313 Medullionis
1054 1248 1126 1312 sicut
1141 1256 1202 1312 Deo
1225 1247 1331 1332 placuit

245 1348 302 1412 vita
314 1348 422 1426 functo,
438 1349 531 1432 recepi
548 1364 577 1412 et
592 1350 687 1413 notavi
701 1365 754 1432 pro
767 1349 803 1411 ill'
819 1348 946 1431 principe
959 1347 1036 1410 dom.
1053 1347 1181 1429 Guigone
1196 1347 1330 1429 delphino

245 1445 395 1510 Viennensi
420 1445 514 1509 inclite
539 1446 746 1510 recordacionis
766 1446 949 1508 instrumenta
962 1444 1033 1508 infra
1049 1443 1164 1526 scripta.
1181 1479 1224 1492 -—
1244 1446 1329 1527 1396.

247 1542 353 1619 Primo,
374 1542 587 1608 instrumentum
601 1562 686 1624 super
699 1541 888 1624 assignatione
903 1541 977 1604 facta
999 1560 1050 1622 per
1064 1541 1154 1622 ipsum
1165 1541 1253 1604 dom.
1268 1541 1332 1604 dal·

244 1639 359 1721 pbinum
372 1639 530 1723 magnillico
543 1641 605 1704 viro
618 1640 696 1703 dom.
713 1647 824 1722 Agouto
840 1639 875 1700 de
891 1638 1007 1715 Baucio,
1020 1637 1057 1700 de
1068 1640 1125 1700 lllc
1137 1637 1218 1701 libris
1238 1637 1332 1701 reddi-

244 1737 368 1824 tualibus
378 1739 452 1820 apud
471 1745 579 1816 Boxum
594 1737 780 1820 percipiendis
789 1736 865 1816 juxta
880 1749 962 1818 pacta
971 1754 1025 1817 que
1034 1733 1121 1798 inlrita
1135 1735 1251 1799 fuerant
1261 1736 1332 1799 inter

245 1835 382 1918 prefatum
396 1836 462 1898 illam
476 1823 629 1918 principem
637 1835 876 1897 dom.Jobannem
888 1833 1048 1916 dalphinum
1060 1833 1250 1898 Viennensem
1264 1835 1328 1899 incl.

246 1932 357 1996 record.
376 1947 405 1996 et
420 1933 510 2015 ipsum
525 1933 647 1996 nobilem
657 1939 808 2014 Aguntum,
827 1945 855 1994 et
873 1950 957 2012 super
979 1930 1110 2014 homagio
1123 1929 1245 2012 proinde
1258 1931 1330 1994 lacto

246 2029 308 2112 ipso
324 2029 400 2093 dom.
417 2031 549 2112 delphino
563 2049 614 2113 ρετ
639 2029 730 2112 ipsum
753 2028 874 2092 nobilem
891 2035 1043 2109 Agoutum.
1060 2063 1099 2074 —
1116 2046 1203 2107 1397.
1223 2036 1259 2092 lt.
1277 2029 1331 2091 ins·

244 2139 414 2191 trumentum
429 2147 513 2210 super
526 2127 750 2209 apprehensione
766 2125 950 2208 possessionis
963 2125 1048 2188 castri
1062 2125 1242 2189 Medullionis
1259 2126 1330 2190 facta

245 2225 399 2308 peripsum
414 2225 491 2288 dom.
510 2224 671 2307 dalphinum
695 2237 723 2287 et
750 2223 904 2286 tradicione
924 2222 976 2286 sibi
999 2209 1074 2285 facta
1090 2222 1126 2285 de
1139 2222 1270 2286 clavibus
1283 2243 1331 2306 per

245 2321 402 2385 Tibaudum
417 2323 453 2386 de
468 2329 562 2386 Leone
579 2322 769 2385 castellanum.
786 2355 827 2368 -·
846 2321 930 2402 1398.
949 2327 1028 2397 ltem,
1055 2339 1139 2402 super
1152 2334 1329 2384 sacramento
1417 2375 1418 2382 ,

244 2419 384 2484 fidelitatis
395 2420 470 2483 facto
480 2418 532 2501 ipsi
549 2420 625 2482 dom.
643 2417 775 2501 delphino
794 2437 845 2500 per
859 2416 1009 2481 canonicos
1026 2416 1164 2499 prioratus
1179 2419 1330 2481 Medulliu-

245 2516 300 2594 nis,
312 2516 388 2599 quod
403 2517 530 2580 lecerunt
541 2531 572 2579 ut
581 2517 708 2580 homines
717 2515 774 2598 ligii
788 2515 930 2598 quamdyu
945 2515 1078 2578 moraturi
1090 2529 1170 2578 erant
1182 2515 1214 2578 in
1227 2517 1331 2598 priora

243 2627 275 2677 tu
292 2615 429 2703 predicto.
452 2651 493 2664 -
519 2623 701 2699 1399.nem,
721 2635 805 2697 super
825 2614 954 2697 eoquod
975 2615 1065 2678 dictus
1083 2615 1159 2678 dom.
1181 2615 1330 2698 dalpbinus

245 2731 325 2775 suum
355 2712 534 2775 castellanum
557 2713 660 2776 ibidem
683 2713 826 2777 constituit
848 2712 916 2775 dict.
947 2712 1103 2775 Tibaudum
1120 2712 1157 2775 de
1176 2719 1286 2790 Leone,
1303 2727 1332 2777 et

244 2829 329 2892 super
342 2811 563 2892 apprehensione
580 2813 765 2894 possessionis
779 2825 807 2875 et
820 2811 975 2874 tradicione
990 2811 1064 2874 dicte
1077 2811 1266 2892 possessionis
1279 2812 1330 2875 sibi

133 2945 137 2952 -
244 2907 317 2970 lacta
331 2927 382 2990 per
395 2908 571 2972 Guillelmum
587 2911 684 2974 Poncii
703 2909 891 2984 domicellum,
906 2923 974 2971 tunc
987 2908 1167 2972 castellanum
1181 2911 1331 2973 Merindo·

244 3005 283 3085 lii,
301 3006 337 3068 de
350 3004 411 3087 ipso
433 3021 525 3070 castro
541 3008 709 3071 Merindolii.
722 3043 763 3054 -
780 3026 866 3086 ¹400·
884 3013 965 3085 ltem,
987 3026 1072 3089 super
1094 3026 1129 3069 eo
1150 3009 1228 3089 quod
1257 3009 1330 3072 iden

244 3104 321 3168 dom.
331 3103 477 3186 delphinus
491 3105 633 3168 constituit
642 3125 723 3167 suum
737 3105 916 3167 castellanum
925 3104 954 3167 in
967 3104 1067 3167 castris
1077 3104 1112 3166 de
1123 3104 1331 3170 Merindolioet

244 3201 280 3264 de
297 3201 399 3264 Ubrilis
414 3202 481 3265 dict.
500 3202 676 3288 Guillelmum
692 3202 800 3278 Poncii,
824 3215 852 3265 et
866 3201 948 3264 etiam
963 3203 1053 3283 ipsum
1068 3201 1213 3265 constituit
1227 3204 1332 3268 castel·

244 3299 337 3361 lanum
355 3300 526 3381 superiorem
542 3313 571 3363 et
589 3314 727 3364 rectorem
750 3319 834 3382 supra
848 3300 1004 3362 Tibaudum
1021 3299 1057 3363 de
1073 3308 1179 3378 Leone,
1196 3302 1331 3366 castella-

244 3415 310 3458 num
324 3395 510 3474 Medullionis,
522 3411 551 3460 et
566 3398 701 3461 Poncium
717 3397 866 3473 Guillelmi,
875 3397 996 3477 baiulum
1007 3398 1088 3475 Buxi,
1099 3411 1128 3461 et
1138 3417 1225 3479 supra
1233 3419 1330 3462 omncs

243 3493 351 3556 nobiles
365 3507 394 3557 et
404 3494 540 3568 vassallos
551 3515 618 3558 suos
631 3495 746 3558 baronie
764 3493 951 3558 Medullionis.
966 3530 1007 3542 -
1034 3514 1118 3575 ¹40¹·
1134 3502 1217 3573 Item,
1247 3515 1331 3578 super

244 3590 435 3672 recognitione
444 3592 520 3660 lacta
531 3593 583 3674 ipsi
598 3593 674 3655 dom.
689 3593 821 3674 delphino
834 3612 885 3673 per
900 3592 1075 3656 Guillelmum
1090 3591 1187 3655 Poncii
1202 3593 1241 3656 de
1252 3613 1331 3676 para-
1416 3583 1417 3618 ³

243 3687 284 3751 ria
299 3708 381 3770 quam
393 3687 515 3772 habebat
529 3689 605 3772 apud
621 3689 749 3752 Poietum
765 3704 794 3753 et
818 3691 948 3772 homagio
962 3690 1027 3754 inde
1041 3685 1158 3772 sequto,
1175 3721 1219 3738 --
1242 3710 1328 3771 ¹402·
1365 3765 1367 3768 ¹
1416 3695 1417 3766 l

246 3793 325 3862 ltem,
344 3805 428 3868 super
441 3788 631 3870 recognitione
646 3789 718 3852 lacta
734 3789 786 3868 ipsi
800 3788 876 3850 dom.
890 3788 1022 3870 dalphino
1033 3807 1083 3882 per
1091 3787 1246 3852 oliverium
1259 3797 1329 3852 Lar-
1416 3811 1417 3853 1

243 3883 312 3946 derii
337 3882 372 3945 de
401 3884 578 3963 Merindolio,
604 3886 640 3950 de
666 3885 795 3948 omnibus
811 3905 865 3968 que
879 3885 964 3950 babet
982 3886 1057 3968 apud
1073 3886 1284 3965 Merindolium,
1302 3899 1329 3951 et

243 3980 373 4063 homagio
382 3981 448 4044 inde
462 3997 572 4066 sequto.

283 4079 466 4142 Postmodum
477 4073 558 4160 lero,
576 4083 708 4146 translata
724 4082 796 4146 dicta
811 4081 928 4145 baronia
941 4080 1117 4146 Medullionis
1145 4101 1196 4163 per
1221 4081 1327 4146 dictum

241 4178 319 4243 dom.
329 4179 489 4261 dalphinum
496 4179 525 4244 in
532 4181 592 4243 illem
607 4182 781 4262 virumdom.
791 4181 941 4246 Henricum
949 4181 1324 4264 Delphini,patruumsuum,
