2936 4898
733 419 891 482 „62-

272 549 375 612 domini
389 550 424 612 de
442 551 556 625 Bauoio,
572 550 646 612 nulla
663 550 765 612 camali
779 549 878 629 copula
894 549 1068 630 subsequta·,
1083 549 1225 640 attingens
1242 567 1345 612 annum

272 664 308 707 xv
325 647 462 708 relaxatus
476 647 600 726 abipso
621 666 743 723 carcere,
762 658 931 727 protestatus
943 646 994 708 luit
1007 645 1081 726 quod
1097 645 1148 708 sibi
1165 645 1269 708 dictum
1285 665 1347 706 ma-

272 743 429 806 trimonium
458 744 621 824 displicebat
643 757 670 806 et
690 758 757 807 tunc
784 743 921 806 contraxit
950 743 1153 810 matrimonium
1177 763 1240 804 cum
1269 743 1347 804 dom²

274 841 427 922 B(eatrice)
443 841 478 903 de
496 841 644 917 sabaudia,
663 839 717 902 filia
733 840 840 903 comitis
857 839 943 915 Petri,
957 853 986 902 et
1002 839 1106 919 prolem
1122 839 1157 901 ab
1174 859 1207 900 ea
1223 840 1348 919 suscepit
1456 831 1457 850 ¹

273 951 302 998 et
315 937 388 999 dicta
404 938 494 999 Sicilia
511 939 649 1014 contraxit
662 945 818 1020 Aymoneto
833 937 933 999 comite
949 936 1087 998 sabaudie
1103 948 1132 998 et
1142 935 1177 998 ab
1192 955 1226 998 ea
1241 937 1346 1016 prolem

272 1034 408 1114 suscepi13
448 1033 562 1114 ipseque
595 1034 671 1098 dom.
696 1034 787 1114 Guigo
810 1046 991 1114 compunctus
1013 1032 1186 1094 consciencia
1209 1052 1347 1094 summum
1427 1060 1430 1068 *

275 1129 433 1210 pontificem
448 1151 531 1211 super
548 1132 601 1194 hoc
612 1132 766 1196 consuluit:
784 1132 830 1213 qui
842 1151 893 1212 per
906 1151 970 1193 suas
986 1131 1090 1193 litteras
1099 1129 1246 1190 mandavit
1256 1128 1349 1192 abbati

277 1227 369 1289 Sancti
398 1227 557 1302 Theofredi,
582 1228 747 1292 Anisciensis
773 1228 902 1304 diocesis,
930 1228 1004 1308 quod
1029 1246 1112 1307 super
1123 1227 1176 1288 hoc
1198 1227 1351 1310 inquireret

273 1324 418 1386 veritatem
432 1338 471 1399 et,
489 1324 511 1385 si
525 1324 563 1386 ita
579 1338 663 1401 esset,
680 1324 754 1405 quod
769 1325 836 1386 dict.
852 1325 1056 1386 matrimonium
1065 1343 1127 1386 cum
1139 1322 1215 1386 dicta
1223 1323 1348 1386 domass

274 1432 446 1482 contractum
459 1421 612 1500 legitimum
629 1421 814 1502 pronunciare
830 1433 950 1484 curaret.
1018 1439 1021 1446 ·

318 1517 384 1594 318
417 1523 495 1594 Item,
525 1517 612 1598 quod.
639 1517 851 1579 instrumentum
876 1517 979 1578 lactum
1004 1535 1086 1578 manu
1115 1514 1190 1577 Petri
1217 1465 1352 1576 Ricbonis

275 1613 386 1690 notarii,
397 1615 531 1675 subanno
547 1615 600 1676 Drii
614 1621 790 1690 M⁰lll⁰llll0,
802 1614 881 1677 indit.
897 1627 939 1691 11³,
953 1613 1152 1692 dieiovisante
1162 1613 1264 1672 festum
1276 1611 1353 1674 beati

197 1715 200 1726 ⁴
276 1717 350 1772 Luce
375 1711 574 1790 euvangeliste,
600 1710 744 1772 continens
758 1711 938 1776 limitaciones
952 1710 1079 1792 antiquas
1101 1708 1169 1770 Belli
1185 1708 1278 1770 Fortis
1295 1708 1350 1770 sibi
1456 1741 1457 1752 .

274 1807 443 1886 pertinentes
456 1807 561 1870 ratione
575 1807 674 1868 domus
691 1807 726 1868 de
740 1815 878 1870 Marnant.

317 1921 382 1983 3¹9·
401 1910 480 1980 ltem,
500 1903 584 1984 qued.
610 1903 699 1965 littera
724 1903 840 1983 sigillata
863 1904 892 1966 in
916 1902 1049 1984 pendenti
1072 1921 1127 1964 uno
1140 1900 1229 1982 sigillo
1252 1919 1350 1976 cereo,
1456 1913 1457 1984 ᾖ

274 1997 346 2060 lacta
361 1999 412 2060 sub
426 2019 499 2062 anno
516 1999 569 2060 Diri
587 2005 815 2076 M⁰CC⁰XC⁰lll⁰,
839 1999 984 2063 continens
1001 1999 1029 2060 in
1046 1999 1144 2062 ellectu
1161 1997 1247 2080 quod.
1270 1998 1350 2060 dom.
1456 2021 1457 2058 1

276 2093 367 2175 Guigo
384 2097 489 2176 Pagani
503 2095 592 2172 miles,
610 2095 737 2159 dominus
761 2096 796 2156 de
821 2103 967 2176 Argentas,
996 2095 1074 2158 dedit
1090 2109 1117 2156 et
1134 2094 1258 2156 reddibit·
1269 2093 1353 2156 domo

277 2189 430 2252 llumberto
445 2191 576 2272 dalphino
591 2205 711 2254 castrum
726 2193 761 2254 de
775 2199 911 2274 Argentas
923 2207 952 2254 et
968 2193 1003 2255 de
1017 2192 1043 2254 la
1059 2192 1134 2268 Feia,
1151 2204 1179 2253 et
1193 2190 1353 2276 confiteba-
1456 2201 1457 2234 r

274 2297 320 2346 tur
332 2306 362 2348 se
374 2307 435 2348 esse
448 2288 595 2350 vassallum
610 2302 637 2350 et
649 2288 758 2352 fidelem
773 2289 838 2351 dicti
853 2290 929 2352 dom.
946 2290 1068 2370 dalphini
1083 2303 1102 2350 ¹.
1456 2341 1457 2364 ,

318 2399 383 2458 320.
405 2390 483 2459 Item,
498 2384 582 2464 qued.
599 2384 693 2446 lietera
708 2385 809 2465 scripta
819 2405 892 2448 anno
905 2386 958 2448 Drii
970 2391 1179 2462 M0110XXXV0,
1191 2399 1222 2447 v⁰
1233 2385 1349 2448 kalend.
1456 2387 1457 2464 l

276 2476 350 2552 maii,
367 2479 511 2542 continens
534 2479 609 2558 quod
630 2481 759 2559 priorissa
780 2482 939 2544 monasterii
960 2483 1052 2544 Sancti
1076 2481 1154 2543 Pauli
1175 2481 1348 2558 monialium,
1456 2479 1457 2514 ¹

275 2577 392 2652 urg'ente
407 2575 572 2637 necessitate
587 2575 622 2636 de
635 2595 771 2638 consensu
787 2578 876 2640 tocius
889 2591 1053 2654 conventus,
1066 2577 1191 2640 vendidit
1200 2591 1228 2639 et
1236 2577 1352 2640 tradidit

275 2669 354 2731 dome
373 2670 520 2752 Bleatriei)
535 2672 639 2733 Vienne
657 2685 685 2733 et
698 2673 810 2735 Albonis
823 2675 972 2752 comitisse,
991 2674 1085 2755 precio
1101 2675 1244 2738 xv‘librar.
1263 2674 1352 2736 Vien-
1456 2699 1457 2714 ¹

275 2782 354 2841 nen,
370 2778 456 2828 totam
471 2772 574 2830 te'rram
589 2789 670 2850 quam
688 2769 808 2832 habebat
822 2771 896 2852 apud
911 2771 1117 2834 Cumillionem.

319 2880 383 2939 32¹·
402 2870 480 2940 ltem,
495 2863 581 2946 quod.
598 2858 809 2928 instrumentum
820 2867 863 2948 (ut
876 2887 886 2944 3
897 2887 905 2930 1
915 2869 956 2950 3),
969 2869 1014 2932 die
1024 2884 1076 2930 rura
1085 2867 1189 2949 aprilis,
1204 2867 1349 2930 continens
1456 2915 1457 2938 ,

275 2958 349 3038 quod
364 2958 440 3019 dom.
455 2960 590 3021 Girardus
600 2961 635 3022 de
653 2963 756 3023 Temel
769 2964 932 3044 recognovit
945 2984 974 3026 se
984 2979 1079 3028 tenere
1094 2986 1110 3027 a
1126 2965 1204 3026 dom⁰
1218 2964 1350 3046 dalphino
1456 2943 1457 2964 ¹

275 3066 395 3116 castrum
410 3055 445 3118 de
459 3057 650 3120 Junccheres2
672 3072 701 3127 et
712 3072 832 3122 castrum
850 3060 1029 3142 Belliregardi
1040 3081 1103 3124 cum
1118 3081 1214 3124 eorum
1231 3061 1350 3122 manda·
1456 3075 1457 3082 ¹

274 3154 384 3231 mentis,
396 3168 424 3216 et
437 3155 502 3216 lecit
517 3155 674 3236 homagium
684 3171 799 3238 propter
812 3177 846 3220 ea
855 3157 929 3221 dicto
943 3158 1068 3235 domino,
1086 3172 1208 3238 excepto
1219 3159 1350 3240 homagio
1456 3205 1457 3238 3

275 3250 348 3312 dom¹
363 3252 470 3314 comitis
484 3251 685 3330 Gebennensis,
700 3254 803 3316 domini
821 3254 978 3334 Fucigniaci
993 3269 1021 3317 et
1035 3253 1138 3322 domini
1148 3253 1183 3314 de
1196 3261 1253 3314 las.
1456 3321 1457 3332 ,

318 3366 385 3425 322.
402 3356 481 3424 ltem,
494 3349 580 3429 quod.
597 3349 716 3411 vidimus
733 3350 808 3411 curie
822 3349 947 3414 officialis
959 3352 1064 3413 Vienne
1079 3369 1162 3412 manu
1175 3350 1250 3411 Petri
1280 3357 1352 3412 Bur·
1456 3335 1457 3354 ¹

275 3444 369 3525 garelli
391 3445 426 3506 de
449 3447 555 3507 Vienna
573 3446 672 3507 notarii
689 3446 766 3526 publ.
794 3446 938 3527 scriptum,
961 3448 1105 3510 continens
1117 3460 1242 3510 tenorem
1256 3447 1352 3527 cujus·

275 3541 338 3602 dam
353 3540 455 3620 publici
472 3541 645 3602 instrumenti
661 3541 755 3622 scripti
781 3561 865 3604 manu
883 3544 1014 3606 lobannis
1036 3544 1071 3606 de
1097 3550 1198 3604 Sancto
1215 3542 1350 3624 Dyonisio
1456 3539 1457 3576 l

275 3634 436 3698 habitatoris
450 3636 595 3698 Bellivisus
611 3637 639 3697 in
660 3636 792 3718 Royanis,
814 3637 866 3700 sub
882 3658 954 3702 anno
970 3646 1078 3700 lncarn.
1095 3639 1183 3700 Dr'rice
1201 3640 1348 3716 lll⁰lll⁶ll⁰,

275 3730 391 3792 diemo
405 3733 506 3794 mensis
529 3733 696 3815 septenbris,
727 3733 872 3796 continens
898 3735 973 3816 quod
1004 3735 1080 3796 dom.
1100 3733 1201 3816 Guigo,
1221 3733 1352 3799 dominus
1456 3767 1457 3796 t

278 3827 422 3890 Bellivisus
435 3829 471 3893 de
493 3837 599 3906 Marco,
627 3831 791 3912 recognopit
806 3832 842 3892 illi
859 3832 975 3912 principi
996 3833 1072 3894 dom.
1087 3831 1204 3896 iohanni
1217 3831 1350 3911 dalphino
1456 3871 1457 3926 3

318 4073 340 4110 t.
354 4056 396 4112 En
407 4075 439 4114 m.
454 4061 489 4112 Aa
502 4058 618 4114 Castrum
633 4059 726 4114 Montis
740 4058 811 4114 Calvi
825 4067 922 4115 tenetur
945 4059 968 4112 in
990 4059 1132 4115 retroleudo
1146 4075 1160 4114 a
1174 4043 1248 4114 dom*
1262 4068 1351 4114 nostro
1456 4093 1457 4114 r

278 4125 394 4197 delphino
408 4129 438 4210 ad
454 4145 553 4184 causam
568 4126 637 4184 istius
652 4128 727 4184 castri
741 4129 771 4184 de
785 4131 940 4202 Argenteus.
952 4161 985 4170 -
997 4146 1021 4184 a.
1038 4130 1075 4184 En
1090 4147 1123 4184 m.
1139 4131 1159 4184 A
1174 4129 1312 4184 luncberie.
