2842 4900
738 441 917 505 ψ

289 551 458 615 humbertus
473 551 619 632 delphinus
648 551 812 615 viennensis
826 551 991 633 recognovit
1014 570 1044 614 se
1063 565 1160 614 tenere
1176 552 1204 613 in
1221 551 1340 614 leudona

285 649 365 711 dom⁰
382 647 528 712 Guillelmo
538 648 748 731 archiepiscopo
769 648 958 730 lugdunensi,
975 648 1061 712 videl.
1081 661 1203 710 castrum
1217 649 1252 709 de
1265 648 1341 708 Balna

285 747 313 810 in
327 745 475 810 Viennesio
489 765 577 827 prope
590 747 768 823 Crimiacum,
790 745 925 809 reddibile
949 746 1024 808 dicto
1039 746 1117 808 dom.
1134 745 1340 826 archiepiscop03

284 843 350 905 itetn
358 842 472 924 insuper
486 843 650 924 recognovit
659 861 690 906 se
698 857 795 906 tenere
805 842 1060 906 inleudumadicto
1070 842 1147 905 dom.
1156 842 1343 924 archiepiscopo

286 938 412 1022 quitquid
427 938 548 1002 habebat
563 939 691 1002 dominus
705 940 741 1003 de
754 947 843 1002 Turre
857 940 903 1004 vel
916 939 987 1004 alius
999 939 1036 1003 ab
1050 959 1085 1004 eo
1093 953 1221 1021 tempore
1234 940 1344 1021 recogni-

175 1097 177 1100 ,
286 1034 374 1098 cionis
385 1055 436 1118 per
450 1035 568 1098 eundem
584 1035 727 1098 dominum
741 1050 816 1100 terre
831 1037 927 1099 Turris
954 1036 1022 1099 alias
1041 1036 1114 1100 facte
1127 1037 1195 1100 citra
1208 1039 1300 1099 humen
1317 1037 1344 1098 de
1397 1077 1398 1128 ,

287 1132 413 1214 Charuys
428 1151 526 1194 versus
544 1133 689 1195 Rodanum
704 1147 732 1195 et
756 1133 933 1215 Lugdunum,
949 1145 1067 1214 excepto
1085 1134 1210 1215 eoquod
1230 1133 1306 1196 habet
1323 1133 1343 1193 in

286 1242 360 1292 terra
374 1230 500 1307 Duinart‚
516 1231 689 1293 municiones
699 1250 810 1313 quoque
820 1251 890 1313 quas
902 1232 973 1294 inira
986 1231 1052 1294 dict.
1068 1232 1217 1295 terminum
1231 1230 1345 1293 habelvel
1397 1289 1398 1298 ,

286 1326 402 1390 haberet
412 1327 441 1389 in
453 1327 574 1390 luiturum
585 1341 727 1392 teneretur
745 1329 835 1391 eidem
848 1329 925 1391 dom.
942 1328 1153 1409 archiepiscopo
1178 1329 1223 1390 vel
1249 1326 1345 1390 ecclesie

287 1426 419 1504 reddere3
438 1427 515 1502 item,
543 1426 626 1489 etiam
651 1427 828 1508 recognoscit
844 1447 875 1490 se
887 1441 984 1491 tenere
998 1427 1026 1489 in
1042 1426 1156 1490 feudum
1171 1440 1201 1489 et
1209 1425 1345 1506 homagium

194 1577 196 1587 ,
287 1523 381 1604 ligium
395 1523 430 1585 ah
457 1522 666 1605 archiepiscopo
691 1538 719 1586 et
743 1525 859 1588 ecclesia
888 1524 1014 1606 predicta
1039 1523 1217 1605 lugdunensi
1245 1536 1345 1585 castrum
1398 1523 1399 1526 ’

289 1621 471 1702 Perogiarum
492 1634 521 1683 et
541 1622 581 1684 eis
603 1622 669 1685 fecit
693 1624 851 1704 homagium
878 1623 946 1685 dict.
964 1621 1175 1704 archiepiscopo
1191 1635 1220 1684 et
1236 1619 1345 1692 ecclesie,

288 1716 354 1780 item
382 1718 559 1781 medietatem
575 1718 639 1782 ville
655 1733 684 1780 et
705 1719 835 1782 territorii
855 1720 891 1782 de
910 1718 1043 1794 vallibus,
1069 1717 1144 1780 dicte
1171 1715 1304 1800 dyocesis,
1327 1726 1348 1774 et

288 1815 367 1895 plura
381 1815 433 1877 alia
445 1830 528 1896 prout
541 1814 569 1876 in
582 1815 657 1879 dicto
677 1817 861 1880 instrumento
881 1815 989 1898 plenius
1001 1814 1169 1878 continetur.

289 2009 341 2074 sub
355 2029 429 2073 anno
446 2009 500 2071 Diri
516 2016 765 2088 M00C0XXV1110,
782 2029 877 2072 mense
891 2009 970 2090 junii,
987 2009 1133 2072 continens
1146 2008 1349 2091 recognicionen
1399 2001 1400 2052 ἐ

289 2122 317 2170 et
326 2106 659 2171 infeudacionemiactam
674 2127 724 2189 per
734 2107 811 2169 dom.
824 2107 978 2171 Robertum
992 2107 1208 2188 Lugdunensem
1217 2103 1351 2186 archiepis

289 2222 390 2287 copum
404 2219 433 2267 et
446 2205 596 2286 capitulum
609 2205 733 2284 ejusdem
748 2205 828 2267 dorno
847 2205 961 2268 hlherto
974 2204 1087 2266 domino
1114 2217 1190 2266 terre
1216 2203 1307 2265 Turris
1324 2201 1351 2262 de

208 2359 210 2364 ,
290 2302 456 2384 quibusdam
473 2302 571 2366 castris
586 2316 614 2365 et
627 2301 712 2365 rebus
731 2301 789 2365 sitis
806 2302 924 2365 interra
946 2301 1052 2364 Turris.

334 2418 418 2477 ¹¹4¹·
437 2407 516 2478 ltem,
532 2399 618 2481 quod.
634 2398 712 2481 publ.
729 2400 941 2462 instrumentum
950 2400 1082 2480 scriptum
1097 2401 1125 2462 in
1141 2419 1158 2462 x
1172 2399 1287 2482 pellibus
1298 2417 1351 2480 per·
1400 2442 1401 2486 ,

289 2497 431 2580 gameneis
446 2498 527 2560 simul
542 2498 642 2577 junctis
654 2517 736 2560 manu
749 2498 832 2560 hnth.
852 2497 989 2561 Meilureti
1006 2498 1041 2560 de
1053 2505 1143 2562 Ponte
1156 2498 1185 2560 in
1197 2497 1296 2560 Roanis
1308 2513 1351 2576 pu·
1400 2493 1401 2520 ¹

289 2595 476 2676 blicatumque
504 2614 599 2657 coram
620 2595 701 2658 domo
725 2601 885 2658 Gerentono
915 2595 1015 2675 Baiuli,
1037 2595 1147 2658 officiali
1168 2595 1272 2658 vienne
1293 2591 1352 2674 apud

291 2699 422 2756 sanctum
448 2700 598 2768 Donatum,
633 2693 692 2772 eius
717 2692 806 2773 sigillo
830 2691 978 2774 sigillatum
997 2692 1049 2754 sub
1074 2711 1148 2754 anno
1168 2691 1222 2754 Diri
1244 2693 1353 2752 M⁰CCC⁰

291 2795 432 2864 XXXlX⁰,
447 2788 492 2850 die
509 2789 665 2853 trianensis
678 2789 800 2871 augusti,
814 2789 912 2852 indict.
930 2789 1146 2866 v112‚continens
1152 2788 1354 2870 publicationem

223 2951 228 2962 ,
290 2897 484 2967 computorum
502 2885 685 2949 etracionum
701 2886 859 2949 reddituum
874 2900 903 2950 et
930 2887 1133 2950 obvencionum
1159 2887 1273 2949 hanonie
1295 2899 1354 2947 terre

292 2983 399 3059 Turris,
422 2983 459 3046 ad
489 2996 613 3047 eternam
634 2983 674 3046 rei
691 2984 852 3046 memoriam
880 3003 916 3046 ne
941 2984 1067 3066 deperire
1093 2983 1210 3064 possint,
1238 2996 1314 3065 prout
1334 2979 1355 3040 in

290 3085 351 3167 ipso
368 3085 458 3148 instro
475 3086 643 3149 continetur.

336 3201 420 3262 1142.
436 3190 516 3260 ltem,
532 3183 618 3265 qued.
634 3183 725 3246 littera
739 3183 776 3246 ab
795 3183 906 3247 officiali
921 3183 1028 3247 vienne
1041 3195 1170 3246 emanata
1194 3182 1306 3264 ejusque
1326 3177 1357 3239 si-

290 3280 355 3368 gillo
369 3280 398 3342 in
409 3281 541 3363 pendenti
557 3281 674 3363 sigillata
691 3301 745 3344 una
761 3301 824 3344 cum
835 3280 924 3362 sigillo
944 3281 1098 3344 Drodoneti
1110 3280 1216 3344 domini
1229 3277 1357 3342 Bellivisus

291 3377 328 3439 de
344 3384 433 3454 hiare,
447 3378 551 3459 scripta
577 3379 629 3440 sub
654 3398 728 3440 anno
757 3379 810 3441 Diti
838 3384 1117 3454 M⁰CC⁰LXX⁰Vlll⁰,
1140 3377 1243 3439 kalend
1266 3372 1355 3456 aprilis,

291 3474 435 3538 continens
452 3475 635 3538 donacionem
651 3475 752 3538 iactam
768 3495 818 3556 per
832 3475 900 3538 dict.
919 3475 1110 3538 Drodonetum
1126 3474 1267 3537 dominum
1287 3467 1358 3532 Belli-

290 3571 367 3634 uisus
395 3573 439 3634 del
468 3580 546 3635 Marc
562 3573 640 3636 dom⁰
665 3573 778 3654 Hugoni
803 3573 917 3635 domino
929 3559 1004 3635 terre
1028 3572 1136 3648 Turris,
1167 3571 1203 3634 de
1228 3583 1316 3634 castro
1334 3577 1357 3625 et

292 3670 488 3733 mandamento
507 3673 601 3735 Sancti
624 3670 756 3733 iohannis
769 3670 804 3734 de
819 3677 943 3753 Bomay,
959 3670 1123 3734 Viennensis
1141 3669 1280 3752 dyocesis,
1307 3679 1358 3750 cum

291 3768 419 3830 omnihus
433 3781 463 3830 et
474 3769 587 3850 singulis
597 3769 771 3852 pertinentiis
781 3769 906 3849 ejusdem
921 3781 950 3831 et
962 3768 1098 3849 homagiis
1106 3767 1240 3831 nobilium
1252 3779 1280 3828 et
1293 3765 1360 3826 inno-

292 3864 387 3928 billum
401 3878 429 3929 et
440 3867 600 3930 omnimoda
613 3867 801 3948 juridictione.
1116 3867 1118 3872 ’

336 3977 420 4038 1¹4³·
438 3968 517 4038 ltem,
532 3964 620 4046 quod.
638 3964 716 4046 publ.
732 3965 945 4028 instrumentum
958 3964 1090 4045 scriptum
1104 3981 1187 4024 manu
1201 3961 1282 4042 Guig.
1303 3965 1360 4019 Fru-

293 4057 378 4120 menti
391 4071 451 4122 not.
468 4060 535 4140 pub.
550 4060 603 4124 sub
617 4080 690 4125 anno
709 4062 763 4125 orti
786 4068 1072 4138 M⁰CCC⁰xxxl111⁰,
1091 4060 1189 4122 indict.
1207 4072 1249 4137 ιιι,
1273 4056 1315 4118 die
1327 4067 1360 4114 κν

294 4154 397 4218 mensis
415 4155 557 4235 febroarii,
579 4159 725 4224 continens
746 4159 904 4242 homagium
927 4159 1021 4240 ligium
1043 4158 1079 4221 de
1098 4175 1217 4241 persona
1231 4154 1360 4238 prestitum
