2842 4900
710 477 888 540 ,ψ-

262 591 339 656 ribus
349 592 409 655 sive
418 591 571 668 fortaliciis,
585 592 725 669 domibus,
741 589 878 668 edifficiis,
896 590 1044 668 casalibus,
1068 588 1153 666 areis,
1165 587 1316 662 hominibus,

262 688 433 766 mulieribus,
448 687 701 768 justiciis-bannis,
715 688 847 765 trecenis,
865 688 1014 764 laudimiis,
1032 686 1165 767 accapitis
1177 699 1205 747 et
1218 683 1320 747 eschae-

260 789 370 863 mentis,
382 786 604 865 comissionibus,
616 786 776 864 timnanciis,
791 785 915 849 serviciis
928 783 1115 860 censualibus,
1137 781 1261 845 dominiis
1271 781 1320 844 sive

259 883 498 950 dominacionibus
513 884 559 948 vel
572 883 753 948 dominaturis
767 901 816 946 seu
835 881 1003 965 quibuslibet
1029 879 1257 962 juridictionibus,
1279 899 1320 960 pa·

259 981 415 1046 mortalibus
429 981 620 1058 ecclesiamm,
634 980 759 1056 caminis,
781 979 918 1062 pedagiis,
934 979 1058 1054 usaticis,
1073 976 1173 1054 furnis,
1189 976 1318 1058 iurnagiis,

261 1077 432 1159 emplechiis,
449 1079 588 1155 coroadis,
605 1078 780 1155 molendinis,
797 1076 1001 1153 emolumentis,
1014 1075 1116 1153 feudis,
1127 1073 1226 1151 alodis,
1238 1073 1318 1150 terris,

261 1175 340 1252 ortis,
358 1174 458 1252 vineis,
472 1174 620 1252 viridariis,
635 1175 732 1256 pratis,
742 1174 849 1251 insulis,
862 1173 985 1255 pascuis,
993 1161 1153 1255 paludibus,
1163 1169 1318 1247 nemoribus,

262 1270 393 1349 minibus,
407 1271 538 1348 heremis,
551 1273 642 1355 patuis
652 1286 681 1336 et
689 1272 901 1349 veracioribus,
914 1271 1031 1347 rubinis,
1046 1259 1144 1346 alveis,
1158 1269 1234 1350 aquis
1247 1287 1321 1350 aqua-

263 1387 360 1433 rumve
375 1367 549 1447 decursibus,
565 1369 689 1451 piscariis
703 1383 731 1433 et
740 1369 864 1451 piscatis,
876 1381 905 1432 et
921 1367 1086 1451 generaliter
1096 1367 1126 1429 in
1140 1366 1263 1430 omnibus
1273 1363 1322 1427 cul-

261 1465 297 1528 tis
312 1464 474 1545 etincultis3
489 1466 615 1548 promisit
623 1465 711 1529 eciam
725 1466 815 1530 dictus
835 1468 912 1530 dom.
929 1465 1097 1529 Ronsolinus
1116 1484 1168 1547 per
1183 1463 1322 1545 stipulatio

262 1579 326 1626 nem
351 1563 531 1645 sollempnem
564 1563 640 1645 quod
664 1563 700 1626 de
727 1563 859 1644 predictis
886 1562 935 1626 fiet
961 1563 1121 1644 recognicio
1136 1563 1165 1624 in
1182 1561 1321 1624 mutacione
1398 1573 1399 1622 1

261 1660 366 1724 domini
380 1679 429 1724 seu
443 1661 553 1724 vassalli
573 1673 603 1724 ut
616 1661 743 1743 superius
756 1661 830 1724 iacta
845 1673 898 1737 est,
920 1661 995 1744 quod
1020 1661 1114 1726 lustrm
1138 1659 1264 1741 scriptum
1286 1670 1322 1719 est
1398 1659 1399 1722 3

218 1807 221 1814 .
262 1779 345 1823 manu
375 1759 512 1822 Guillelmi
541 1758 704 1840 rodegandi
727 1759 827 1823 notarii
851 1759 929 1841 publ.
954 1759 1092 1824 subanno
1109 1765 1218 1822 lncam
1234 1760 1322 1818 bt0cc⁰
1398 1823 1399 1828 ἵ

264 1863 421 1933 1111111110,
433 1855 493 1918 scil.
506 1873 546 1919 rm
557 1855 671 1918 kalend.
686 1855 764 1936 junii.

307 1953 392 2033 1306.
412 1961 492 2030 ltem,
508 1952 594 2035 quod.
613 1952 650 2015 al.
666 1953 878 2016 instrumentum
891 1953 1037 2017 continens
1046 1951 1239 2015 vendicionem
1249 1969 1320 2033 quam

262 2050 328 2116 iecit
340 2052 416 2115 dom.
433 2051 594 2114 Guillelmus
605 2049 641 2112 de
654 2050 763 2127 Altana,
781 2050 911 2115 dominus
927 2050 1087 2132 Besignani,
1106 2051 1188 2114 domo
1200 2058 1323 2132 Reymon·

263 2149 300 2212 do
315 2148 351 2212 de
366 2149 536 2212 Medullione
550 2149 586 2210 de
596 2147 725 2212 omnibus
738 2148 790 2212 hiis
804 2169 858 2232 que
872 2148 1003 2225 habebat,
1017 2148 1132 2212 tenebat
1141 2162 1170 2212 et
1178 2145 1323 2230 possidebat

262 2258 292 2310 et
304 2245 374 2308 alius
388 2246 500 2309 nomine
513 2244 599 2327 ipsius
611 2245 639 2308 in
653 2259 744 2308 castro
761 2259 789 2308 et
801 2245 865 2308 villa
879 2245 914 2308 de
926 2253 1047 2327 Pugeto,
1061 2245 1141 2309 vallis
1153 2243 1320 2318 Badonensis,

262 2356 291 2407 et
304 2343 444 2407 territorio
456 2343 592 2421 ejusdem,
604 2343 735 2426 scriptum
751 2362 833 2406 manu
845 2342 982 2406 Guillelmi
999 2341 1141 2424 Rostagnii
1160 2339 1264 2416 notarii,
1279 2337 1322 2401 sub

262 2441 404 2504 annontui
420 2447 646 2518 111οΕ111111,
661 2453 714 2504 xvt
724 2440 838 2504 kalend.
854 2439 1020 2523 septenbris.

307 2555 392 2617 1307.
412 2544 491 2614 ltem,
510 2536 596 2618 quod.
620 2537 657 2600 al.
678 2537 890 2601 instrumentum
907 2538 1039 2620 scriptum
1058 2557 1141 2601 manu
1158 2538 1238 2620 Guig.
1260 2541 1323 2596 Fru-

261 2634 347 2697 menti
357 2634 566 2716 deGronopoli,
586 2634 638 2697 sub
653 2654 727 2697 anno
747 2635 801 2697 Dr'ri
822 2635 1173 2713 m⁰111⁰xxx1111⁰‚indic.
1189 2647 1230 2711 11³,
1242 2633 1283 2696 die
1297 2643 1323 2692 v¹

260 2731 363 2794 mensis
376 2730 444 2810 julii,
460 2732 604 2795 continens
622 2733 697 2814 quod
711 2731 812 2794 nobilis
837 2739 919 2814 Hugo
929 2732 1078 2810 Adamarii,
1095 2733 1167 2794 lilius
1187 2732 1325 2794 (1011111-
1399 2757 1400 2762 ¹

260 2827 341 2910 gonis
352 2827 491 2890 Adamarii
505 2829 635 2906 condam,
651 2829 816 2912 recognovit
827 2843 857 2893 et
871 2831 1015 2894 confessus
1028 2831 1079 2895 fnit
1090 2850 1122 2894 se
1136 2845 1231 2892 tenere
1239 2829 1266 2890 in
1274 2828 1324 2890 feu-

260 2927 326 2990 dum
335 2927 479 2990 barchum
495 2927 547 2991 sub
561 2943 590 2992 et
603 2930 640 2993 de
653 2930 776 2993 dominio
789 2943 818 2994 et
836 2931 974 3012 segnioria
990 2930 1065 2993 dom¹
1081 2930 1214 3012 dalpbini‚
1229 2920 1320 2990 domini

261 3023 438 3102 Medulionis,
454 3025 631 3090 medietatem
656 3027 742 3090 videl.
761 3041 867 3110 partem
882 3028 1040 3090 inferiorem
1054 3027 1180 3091 fortalicii
1205 3040 1232 3090 et
1252 3021 1323 3088 castri

259 3121 296 3185 de
310 3122 438 3186 Mollanis
455 3122 500 3186 siti
515 3122 543 3186 in
558 3124 671 3207 dyocesi
685 3125 896 3208 Vayssionensi,
911 3126 976 3188 item
988 3131 1120 3188 'castrum
1136 3132 1218 3188 Petre
1240 3131 1324 3202 Longe
1399 3201 1400 3218 ἵ

259 3219 383 3299 ejusdem
400 3219 530 3303 dyocesis
548 3240 611 3283 cum
633 3233 693 3284 toto
705 3222 858 3299 territorio,
884 3235 912 3284 et
936 3240 987 3304 pro
1009 3221 1141 3304 predictis
1160 3221 1226 3284 iecit
1241 3221 1323 3292 boma

259 3316 333 3399 gium
349 3330 378 3381 et
390 3317 509 3399 prestitit
519 3315 658 3381 fidelitatis
671 3331 886 3382 sacramentum.

302 3415 386 3494 1308.
405 3421 483 3491 ltem,
500 3413 586 3495 quod.
603 3416 640 3478 al.
656 3416 734 3496 publ.
758 3416 970 3479 instrumentum
991 3415 1124 3496 scriptum
1137 3434 1219 3478 manu
1233 3408 1324 3475 Alberti

258 3509 294 3573 de
310 3511 421 3594 Brayda
435 3511 535 3574 notarii
549 3512 627 3593 publ.
655 3512 706 3575 sub
729 3532 802 3575 anno
819 3514 907 3576 Dr'rice
925 3522 1034 3577 lncam.
1061 3520 1161 3576 M⁰CC⁰
1186 3515 1324 3594 nonagess⁰

258 3614 334 3684 11110,
351 3607 396 3672 die
409 3610 538 3672 mercurii
555 3623 619 3694 post
632 3611 747 3675 octabas
760 3613 961 3694 apostolorum,
987 3613 1132 3676 continens
1154 3613 1323 3675 donacionem

256 3705 405 3787 quorumd.
419 3707 598 3771 serviciorum
608 3708 775 3773 donatorum
785 3710 863 3772 dom⁰
878 3711 1031 3774 Hnmberto
1042 3710 1173 3792 dalphino
1185 3704 1322 3774 Viennensi

256 3819 306 3881 per
321 3809 468 3884 Hugonem
484 3804 592 3868 deutra
608 3806 689 3888 Ripa,
704 3827 758 3890 que
771 3807 881 3889 quidem
899 3807 1015 3870 servicia
1036 3807 1126 3870 eidem
1143 3807 1253 3889 Hugoni
1267 3821 1324 3886 per-

257 3911 361 3961 mutata
375 3899 522 3964 extiterant
539 3903 703 3984 Rodulphus
717 3903 753 3965 de
766 3910 865 3966 Lento.

300 4013 385 4074 ¹309·
413 4003 492 4071 Item,
510 3999 597 4080 quod.
622 4001 659 4063 al.
683 4000 895 4064 instrumentum
912 4000 1045 4083 scriptum
1071 3999 1115 4082 (ut
1137 3999 1270 4083 praeci),
1285 3994 1323 4055 die

257 4109 343 4155 merc.
364 4104 429 4173 post
447 4093 541 4158 octab.
558 4096 678 4177 apostol.
694 4099 769 4161 Petri
783 4113 813 4163 et
833 4097 922 4175 Pauli,
938 4097 1085 4162 continens
1098 4098 1174 4180 quod
1192 4094 1321 4179 jordanus

255 4187 327 4252 filius
341 4189 460 4255 condam
478 4192 631 4256 Percevalli
645 4194 681 4256 de
696 4197 795 4259 Brosio
808 4197 951 4260 confessus
964 4196 1016 4259 fuit
1024 4215 1055 4260 se
1065 4209 1162 4260 tenere
1176 4195 1211 4259 ab
1222 4193 1257 4256 ill¹
1268 4189 1321 4252 viro
