2844 4900
300 591 369 654 821.
388 597 468 668 Item,
484 589 571 671 quod.
593 589 671 672 publ.
696 589 909 652 instrumentum
922 587 967 669 (ul
979 585 1069 670 7η),Ι
1081 585 1228 650 continens
1238 585 1328 648 homa·

260 687 335 770 gium
343 687 438 771 ligium
451 687 596 770 prestitum
608 686 688 750 dom⁰
704 686 836 770 dalphino
856 704 907 768 per
919 675 922 684 ’
935 682 1088 749 Siboudum
1112 681 1228 745 Srboudi
1240 693 1267 744 et
1278 694 1330 744 ter·

259 779 401 865 minum...

301 881 371 945 822.
388 890 468 962 Item,
485 884 571 967 quod.
584 884 621 946 al.
636 883 849 946 instrumentum
862 879 905 964 (ut
916 880 1001 963 704),
1019 880 1165 944 continens
1180 879 1331 962 homagium
1414 895 1416 902 ·

259 977 354 1060 ligium
375 981 519 1062 prestitum
540 1000 592 1064 per
604 981 759 1064 Guigonem
785 979 821 1043 de
851 978 947 1043 canali
974 973 1055 1043 dom⁰
1080 977 1213 1063 dalphino
1233 991 1261 1042 et
1275 991 1333 1042 ter·

260 1093 402 1140 minum...

301 1173 370 1252 823.
384 1181 464 1251 ltem,
482 1173 569 1257 quod.
587 1175 623 1236 al.
642 1174 854 1236 instrumentum
871 1172 1030 1237 manudicti
1044 1171 1171 1254 liugonis
1184 1163 1223 1254 '(!)
1240 1189 1334 1251 recep-

259 1281 318 1332 tum
333 1269 470 1354 (ut7r3),
491 1271 637 1334 continens
659 1270 817 1352 homagium
827 1264 976 1351 'prestitum
990 1269 1069 1334 dom⁰
1090 1279 1188 1333 nostro
1209 1267 1334 1350 dalphino

260 1381 311 1447 per
328 1368 512 1431 llumbertum
530 1368 646 1431 Siboudi
659 1383 688 1432 et
700 1367 886 1432 terminum...

301 1463 370 1544 824.
397 1472 477 1543 ltem,
493 1465 530 1528 al.
546 1466 759 1542 instrumentum
785 1465 829 1548 (ut
845 1465 931 1547 711),
959 1462 1005 1526 die
1023 1478 1087 1525 ιιιιι1
1101 1482 1191 1526 mens.
1213 1449 1335 1542 jandani,

261 1562 407 1626 continens
427 1563 587 1645 homagium
612 1557 757 1645 prestitum
790 1563 873 1626 dom⁰
894 1557 1026 1644 dalphino
1050 1581 1102 1643 per
1124 1553 1337 1644 Aynarduui'de

262 1660 408 1735 Thorana,
438 1661 485 1743 qui
507 1658 661 1724 consessus
675 1661 725 1724 linit
748 1681 778 1724 se
804 1675 901 1723 tenere
931 1659 967 1722 ad
992 1651 1198 1740 prestationem¹
1220 1654 1337 1738 homagii
1418 1681 1419 1688 ι

261 1749 352 1820 eidem
366 1775 421 1839 pro
436 1749 565 1820 censhus
578 1773 607 1820 et
619 1755 755 1835 serviciis,
772 1753 865 1835 terris,
881 1757 966 1839 pratis
980 1769 1009 1819 et
1023 1755 1181 1819 hominibus
1200 1774 1255 1838 que
1265 1767 1339 1817 tenet

261 1853 407 1918 abeodem
418 1857 447 1918 in
458 1854 571 1918 le'udum
585 1855 613 1917 in
628 1855 825 1934 mandamento
843 1853 1018 1916 clarimontis
1037 1866 1066 1916 et
1085 1851 1234 1933 parrochia
1251 1850 1339 1913 Sancti
1419 1828 1420 1886 i

262 1941 390 2030 Martini,
401 1953 436 2015 de
447 1943 589 2029 Thorana,
605 1952 640 2015 de
652 1951 755 2015 Tribus
767 1949 869 2028 lisinis,
888 1950 940 2014 sub
956 1970 1042 2013 censu
1059 1949 1146 2030 partis
1163 1949 1215 2011 sibi
1232 1948 1340 2012 contin-

262 2048 353 2130 gentis
365 2049 394 2112 in
407 2069 426 2112 x
438 2041 548 2112 solidis
561 2049 597 2113 de
625 2050 728 2132 placito
748 2063 776 2112 et
795 2069 851 2112 xxx
875 2047 957 2112 solid.
982 2068 1033 2130 pro
1047 2066 1103 2112 uno
1119 2047 1233 2124 cliente,
1249 2061 1278 2111 et
1288 2061 1341 2109 ter·

261 2141 404 2212 minum...
423 2160 443 2211 ¹.
1420 2134 1421 2153 ¹

302 2247 371 2328 825.
389 2253 469 2323 ltem,
483 2244 570 2327 quod.
585 2243 664 2326 publ.
679 2243 892 2307 instrumentum
909 2243 1042 2325 scriptum
1065 2257 1094 2306 et
1107 2243 1247 2324 signatum
1263 2261 1340 2304 manu

262 2343 338 2408 Petri
349 2343 384 2406 de
399 2343 569 2405 Monasteiio
582 2341 732 2423 imperialis
741 2343 804 2405 aule
816 2343 916 2405 notarii
927 2341 1018 2423 publ,
1027 2341 1173 2404 continens
1182 2339 1339 2424 quodum.

263 2458 337 2502 anno
354 2440 408 2502 Diri
425 2441 627 2522 M0110val)‚
643 2453 761 2503 vacante
783 2440 850 2502 sede
867 2439 1017 2521 episcopali
1032 2438 1253 2519 Gratianopolis,
1267 2438 1339 2500 dom.

262 2537 409 2618 dalphinus
423 2555 475 2618 pro
491 2537 632 2618 regalibus
642 2539 699 2602 suis
707 2538 821 2601 tenebat
830 2552 859 2601 et
872 2536 1048 2601 custodiebat
1063 2537 1162 2600 domos
1172 2536 1343 2618 episcopales

262 2627 337 2715 apud
352 2633 572 2715 Gratianopolim
595 2648 623 2698 et
636 2649 757 2698 castrum
773 2635 870 2711 Plane,
896 2649 925 2698 et
947 2635 1022 2719 quod
1043 2635 1119 2698 dom.
1143 2635 1286 2699 lohannes
1310 2636 1343 2697 de

263 2729 427 2805 Goncelino,
442 2744 508 2792 tunc
524 2731 608 2810 judex
626 2732 818 2814 Dalphinatus,
834 2752 886 2814 pro
907 2734 966 2814 jure
982 2733 1085 2796 domini
1101 2733 1223 2796 reddidit
1241 2746 1270 2796 et
1286 2752 1344 2796 res·
1391 2795 1396 2808 ,

261 2826 334 2889 tituit
343 2841 372 2889 et
379 2828 535 2891 custodiam
545 2827 655 2891 comisit
673 2829 808 2892 dictarum
827 2829 975 2893 domorum
990 2844 1018 2893 et
1032 2829 1098 2893 dicti
1109 2829 1192 2894 castri
1209 2828 1246 2893 de
1260 2831 1344 2893 Plana

262 2915 343 2988 dd'm0
358 2923 514 2989 llumberto
524 2940 591 2990 tunc
606 2927 757 2990 castellano
774 2928 810 2989 de
828 2928 915 2990 Plana
929 2941 960 3010 ².

303 3019 372 3085 826.
392 3029 472 3100 ltem,
494 3023 580 3105 quod.
599 3024 678 3105 publ.
696 3024 909 3087 instrumentum
926 3023 1061 3107 scriptum
1073 3020 1264 3086 manulacobi
1279 3023 1344 3086 Gal·

260 3118 322 3181 terii
334 3119 426 3183 clerici
438 3120 474 3181 de
488 3120 626 3182 Chellasio
635 3121 736 3183 notarii
748 3120 825 3202 publ.
844 3121 896 3184 sub
910 3140 984 3184 anno
1000 3121 1054 3183 Diri
1071 3125 1343 3196 M⁰CCC0XXX1X⁰‚

261 3216 358 3280 indict.
371 3237 434 3295 ιιι,
448 3218 493 3280 die
509 3233 574 3279 xura
587 3218 689 3281 mensis
708 3217 876 3295 decembris,
902 3219 1048 3282 continens
1064 3217 1279 3301 requisicionem
1291 3220 1345 3282 lac-

263 3328 320 3378 tam
334 3303 413 3378 domo
432 3316 578 3379 liunberto
593 3313 890 3397 dal'phino‘Viennensi
905 3335 956 3399 per
974 3331 1072 3398 gentes
1098 3331 1126 3380 et
1148 3317 1344 3380 comunitateru

263 3413 393 3477 hlavardi
409 3429 437 3478 et
446 3413 537 3478 tocius
551 3415 751 3490 mandamenti,
766 3416 801 3478 de
820 3416 938 3499 logagiis
957 3430 985 3480 et
1002 3415 1063 3478 aliis
1084 3417 1155 3478 male
1174 3415 1294 3480 extortis
1313 3415 1345 3478 ab

262 3508 329 3593 ipsis
342 3532 393 3593 per
408 3511 550 3575 dominum
576 3526 700 3575 nostrum
718 3513 878 3595 dalphinum
904 3528 932 3578 et
954 3513 1011 3578 suis
1028 3513 1286 3594 predecessoribus.

294 3782 325 3844 .¹·
344 3765 383 3820 Eu
397 3783 430 3822 m.
445 3765 598 3840 Lo(quatur)
613 3767 681 3823 dom·
696 3768 845 3840 Raymundo
859 3769 890 3825 de
912 3768 1015 3826 Thesio.
1040 3799 1075 3810 -
1103 3785 1128 3824 2.
1157 3769 1196 3823 Ειι
1224 3787 1258 3826 m.
1283 3770 1347 3826 Vide

263 3851 341 3892 cctam
370 3836 448 3909 quod,
477 3848 582 3894 vacante
608 3838 665 3894 sede
684 3837 760 3912 ipsius
780 3839 864 3914 episco
883 3849 940 3897 atus
960 3857 1004 3912 per
1023 3848 1126 3906 mortem
1144 3839 1211 3895 dorni
1225 3839 1347 3898 Guillelrui

263 3903 372 3971 (d'ubord
385 3906 502 3962 iohannis
516 3908 547 3964 de
566 3908 705 3984 Chrissiaco)
720 3909 829 3984 episcopi
876 3909 1039 3984 tationopol.,
1054 3911 1152 3966 luerunt
1166 3909 1279 3984 predicta
1296 3929 1346 3968 cus·

264 3975 344 4055 todita
376 3994 405 4055 er
416 3977 484 4034 dom.
500 3977 642 4052 dalphinum
656 3991 716 4036 tunc
737 3992 766 4037 ut
774 3981 851 4036 lacius
861 3982 1002 4038 declaratur
1016 3981 1040 4036 in
1050 3981 1127 4060 quod.
1139 3979 1203 4038 libro
1217 3983 1347 4039 decretato

263 4046 330 4102 Laler
340 3994 443 4120 pianum
459 4067 591 4129 cumarum,
606 4050 647 4124 qui
662 4025 763 4125 ponitur
781 4052 886 4133 desuper
900 4062 1020 4108 urtanenc
1032 4061 1152 4108 existente
1165 4051 1234 4124 juxta
1248 4064 1347 4127 portam

264 4135 308 4190 per
330 4134 404 4191 quam
428 4118 535 4175 intratur
555 4137 579 4174 ιιι
599 4138 695 4178 camera
717 4121 893 4196 dalphinalrum
914 4132 1099 4196 computorum,
1127 4132 1202 4179 etex
1223 4134 1283 4197 post
1306 4141 1348 4199 per

264 4187 389 4244 decessum
403 4187 509 4263 plurium
521 4188 705 4265 episcoporum.
