2844 4900
671 403 859 479 '-·92-

279 531 350 609 466.
370 537 449 607 ltem,
475 531 561 612 qued.
589 531 685 594 lictere
714 530 743 591 in
772 527 904 610 pendenti
921 527 1054 610 sigillate,·
1070 527 1175 608 scripte
1185 525 1315 589 subanno
1419 610 1420 618 ἵ

241 628 444 701 ht⁰11⁰xt1110,
458 625 503 688 die
516 625 579 688 festi
593 625 619 689 b¹
635 624 823 688 Bartholomei
832 623 962 706 apostoli,
971 623 1145 687 continentes
1151 623 1227 704 quod
1241 623 1316 685 dom.
1419 627 1420 692 l

240 721 331 803 Guigo
346 721 493 804 delphinus
519 721 632 785 retinuit
644 722 721 784 dom.
737 720 905 783 hlmaricum
919 721 956 782 de
968 719 1117 802 Turreyio,
1133 718 1221 780 filium
1246 719 1318 781 dom¹
1419 719 1420 722 ’

241 817 381 881 Lamberti
396 818 431 880 de
442 818 566 895 Limons,
578 818 615 880 de
631 832 724 882 castro
746 817 842 880 Servie
857 831 885 880 et
894 817 954 897 ejus
968 817 1177 892 mandamento,
1196 815 1319 898 exceptis

240 915 405 998 quibusdam
433 914 517 979 rebus
538 916 566 978 in
588 916 690 978 licteris
720 915 869 991 contentis,
895 935 946 997 pro
968 934 1024 997 quo
1038 928 1130 978 castro
1149 914 1225 978 idem
1241 913 1317 976 dom.

240 1010 393 1075 Almaricus
407 1011 497 1076 eidem
511 1012 578 1076 lecit
592 1012 752 1094 homagium
766 1012 872 1094 ligium.

276 1109 347 1189 467.
367 1117 446 1186 ltem,
462 1109 547 1190 qued.
562 1109 657 1172 lietere
673 1109 703 1171 in
725 1109 858 1190 pendenti
882 1108 1010 1191 sigillato,
1043 1107 1146 1190 scripte
1176 1107 1230 1170 sub
1247 1124 1320 1169 anno

243 1203 297 1267 nni
313 1207 627 1287 tn⁰11⁶octuag0vnt⁰,
655 1205 701 1268 die'
729 1206 800 1286 jovis
827 1218 891 1286 post
918 1206 1019 1269 festum
1035 1204 1067 1266 be
1093 1204 1178 1267 Lucie
1191 1203 1319 1286 virginis,

240 1303 414 1366 continentes
431 1304 507 1385 quod
524 1305 601 1367 dom.
617 1312 754 1387 hymarus
772 1305 808 1366 de
828 1303 952 1368 Pictavia
968 1304 1112 1366 confessus
1125 1303 1175 1365 luit
1191 1301 1322 1364 habuisse

241 1421 258 1464 a
272 1400 436 1482 quibusdam
450 1401 622 1465 solventibus
636 1401 749 1464 nomine
763 1400 841 1463 doml
860 1399 1006 1463 humberti
1021 1399 1143 1481 dalphini
1161 1401 1211 1460 11¹³
1224 1397 1319 1460 librar.

242 1503 385 1560 Turonen.
400 1517 562 1580 parvorum,
579 1498 614 1560 de
626 1498 747 1580 quodam
765 1497 860 1560 debito
875 1497 973 1577 majori
997 1497 1025 1558 in
1038 1516 1094 1578 quo
1108 1495 1160 1558 sibi
1172 1494 1324 1558 tenebatur
1420 1528 1421 1548 r

241 1613 277 1657 er
292 1612 376 1658 causa
390 1595 489 1673 mutui,
506 1596 580 1660 unde
596 1596 730 1678 quictavit
756 1609 877 1660 castrum
893 1593 999 1658 Cabioli
1018 1593 1070 1658 sibi
1084 1606 1234 1675 propterea
1248 1591 1324 1656 obli·
1420 1675 1421 1678 Ἴ

241 1705 346 1774 garum.

280 1791 350 1870 468.
368 1799 448 1869 hem,
461 1792 547 1873 quod.
561 1793 773 1855 instrumentum
786 1790 919 1871 scriptum
932 1787 960 1851 in
968 1807 1023 1851 una
1038 1807 1139 1869 magna
1153 1788 1227 1869 pelle
1239 1808 1324 1852 manu

241 1887 374 1971 hymenis
384 1888 420 1952 de
430 1889 564 1952 Tomalol
578 1902 652 1965 not..
668 1886 1322 1960 subamonnicemcam.m⁰110xc0v⁰‚tndic.

241 1999 315 2063 vnit,
329 1985 474 2049 continens
485 1985 715 2068 compromissum
730 1998 759 2048 et
772 1983 1037 2066 pronunciacionem
1048 1982 1225 2065 questionum
1254 2003 1322 2046 ver-

240 2083 358 2147 tentium
390 2082 495 2146 dudum
518 2083 591 2146 inter
606 2084 683 2146 dom.
703 2081 887 2144 Humbertum
912 2080 1072 2162 dalphinum
1095 2078 1283 2143 viennensem
1297 2094 1326 2144 et

242 2180 271 2242 d.
292 2179 454 2261 episcopum
482 2180 658 2244 Valentinen.
682 2192 711 2242 et
733 2186 884 2260 Dyensem,
908 2197 963 2260 que
982 2176 1180 2260 pronunciatio
1197 2177 1325 2242 continet

242 2277 353 2340 diversa
375 2277 495 2359 capitula
522 2291 551 2340 et
578 2277 703 2340 diversas
728 2274 873 2356 pactiones
895 2285 924 2338 et
946 2274 1126 2338 condiciones
1151 2273 1225 2336 inter
1247 2275 1326 2357 ipsos

242 2373 370 2436 dominos
387 2386 407 2436 ¹.

280 2470 351 2551 469.
363 2476 441 2547 ltem,
450 2470 537 2552 quod.
547 2470 583 2532 al.
594 2470 671 2552 publ.
685 2469 897 2533 instrumentum
903 2487 987 2531 manu
1000 2467 1066 2532 dicti
1077 2468 1177 2530 notarii
1187 2467 1325 2551 scriptum

241 2567 295 2629 sub
308 2566 412 2630 eisdem
422 2587 495 2630 anno
511 2581 539 2630 et
555 2567 612 2643 die,
622 2567 745 2648 ejusdem
756 2566 873 2642 tenoris,
900 2565 1048 2648 sigillatum
1072 2565 1100 2629 in
1114 2566 1262 2648 pendenti.

281 2682 351 2743 470·
365 2671 443 2742 Item,
458 2664 545 2746 quod.
561 2664 639 2745 publ.
667 2665 879 2727 instrumentum
905 2664 1036 2745 scriptum
1065 2685 1149 2727 manu
1173 2663 1327 2728 Raimundi

244 2760 347 2824 Esmini
361 2761 461 2823 notarii
487 2760 579 2842 publ,
606 2760 657 2823 sub
684 2779 757 2823 anno
780 2768 890 2824 lncarn.
917 2760 1005 2824 Dhice
1024 2764 1257 2838 M⁰lll⁰Xllel0‚
1283 2762 1328 2826 die

242 2869 305 2921 nnal
325 2858 428 2921 mensis
451 2858 618 2940 septenbris,
637 2858 783 2922 continens
797 2858 1013 2922 transactionem
1033 2857 1206 2922 amicabilem
1224 2873 1254 2922 et
1273 2860 1327 2922 de-

242 2954 421 3018 clarationem
448 2955 629 3037 quarumdam
655 2955 830 3038 questionum
854 2975 908 3038 que
937 2955 1118 3020 vertebantur
1138 2955 1210 3018 inter
1243 2956 1325 3019 dom.

242 3052 403 3133 episcopum
422 3051 597 3116 Valentirren.
613 3066 642 3116 et
658 3059 797 3136 Dyensem
813 3073 848 3116 ex
866 3071 921 3114 una
937 3065 1016 3133 parte
1033 3066 1061 3116 et
1075 3052 1152 3115 dom.
1168 3060 1326 3136 hymarum

243 3149 425 3226 dePictavia,
439 3149 568 3213 comitem
588 3149 763 3214 valentinen.
789 3163 818 3213 et
843 3157 995 3234 Dyensem,
1026 3169 1061 3211 ex
1089 3149 1176 3212 altera
1199 3163 1229 3212 et
1243 3150 1327 3214 dom.

243 3251 398 3332 Guigonem
412 3250 572 3332 dalphinum
586 3270 621 3314 ex
635 3251 732 3328 altera,
750 3269 834 3332 super
848 3250 941 3332 gardis
956 3263 984 3312 et
999 3249 1189 3332 pennoncellis
1204 3264 1235 3313 et
1259 3253 1328 3334 qui-

243 3348 360 3412 busdam
375 3347 613 3430 pignorationibus
633 3361 661 3411 et
674 3348 733 3410 aliis
748 3348 776 3410 in
789 3347 865 3411 dicto
878 3347 1062 3411 instrumento
1090 3347 1242 3410 contentis.

282 3464 352 3525 47¹·
371 3452 450 3523 Item,
466 3445 550 3527 qued.
565 3444 660 3507 lietera
675 3444 703 3505 in
724 3444 855 3525 pendenti
880 3443 998 3526 sigillata
1011 3443 1100 3526 sigillo
1121 3443 1195 3506 dom¹
1212 3443 1330 3507 archie-

243 3543 350 3624 piscopi
362 3541 536 3619 Viennensis,
552 3541 654 3622 scripta
669 3540 721 3603 sub
737 3559 811 3603 anno
823 3540 877 3603 Diri
893 3543 1169 3618 tl⁰11⁶uxxxvl11⁰,
1178 3540 1330 3606 continens

244 3639 318 3718 quod
336 3638 425 3701 dictus
437 3639 514 3701 dom.
531 3637 756 3719 archiepiscopus
772 3637 924 3719 recipiebat
940 3637 968 3699 in
981 3657 1031 3700 sua
1044 3637 1208 3718 salvagarda
1226 3658 1330 3712 ornnes

244 3736 370 3800 homines
386 3749 414 3798 et
429 3755 525 3798 eorum
540 3736 614 3800 bona
630 3736 774 3800 venientes
788 3736 824 3798 ad
835 3736 973 3798 nundinas
986 3735 1059 3797 dom¹
1072 3736 1159 3798 nostri
1172 3735 1313 3817 dalphini.

285 3851 355 3912 472.
374 3840 452 3907 ltem,
464 3833 550 3914 quod.
567 3833 644 3914 publ.
668 3834 878 3897 instrumentum
893 3846 1038 3916 receptum
1047 3847 1076 3896 et
1091 3833 1230 3915 signatum
1241 3856 1329 3900 manu

244 3929 376 3992 lobannis
389 3930 550 3993 hmondrini
566 3931 676 4008 notarii,
691 3930 743 3993 sub
757 3951 830 3994 anno
843 3929 896 3992 Diri
912 3932 1140 4007 hl⁰lll⁶XLllllQ
1161 3930 1244 3994 indit.
1260 3947 1327 4007 xire,

286 4149 308 4186 ι.
323 4131 361 4186 Ea
376 4147 411 4191 m.
425 4130 547 4188 Videatur
561 4133 592 4188 ad
607 4133 731 4190 sciendum
746 4131 765 4188 si
780 4131 829 4188 sint
842 4130 923 4205 alique
938 4129 1025 4188 limites
1038 4129 1173 4190 declarate.
