2844 4900
234 552 304 596 nens
313 534 472 618 homagium
487 536 631 618 prestitum
645 555 695 619 per
714 536 835 601 nobilem
853 536 943 600 virum
960 537 1120 620 synardum
1145 537 1208 600 vice
1228 537 1313 600 comi·

233 641 290 692 tem
303 642 331 693 et
344 629 486 693 dominum
502 630 678 695 clarimontis
702 632 780 695 dom⁰
811 631 966 695 Humberto
993 632 1124 713 dalphino
1150 631 1311 710 Viennensi,

234 724 313 788 salvo
337 726 466 808 homagio
490 727 607 790 ecclesie
626 728 800 804 Viennensis,
828 747 881 790 nec
895 746 952 790 non
966 740 994 792 et
1016 725 1241 810 recognicionem
1263 746 1313 809 per

235 823 325 905 ipsum
340 822 482 884 dominum
498 824 673 887 clarimontis
696 825 797 888 iactam
820 825 855 886 de
872 825 970 890 castris
982 825 1018 887 de
1032 825 1154 902 viriaco,
1170 823 1206 886 de
1227 823 1313 886 Pela-

235 922 334 998 druco,
350 921 386 983 de
404 928 506 984 Sancto
524 922 664 1003 Stephano
683 922 719 984 de
734 922 900 1005 Voluleyno,
917 921 953 986 de
973 920 1120 1004 parrochia
1135 918 1228 984 sancti
1243 926 1314 982 Ger-

233 1017 306 1080 mani
319 1017 354 1080 de
364 1024 540 1095 cormorasa,
556 1019 592 1082 de
606 1032 698 1083 castro
714 1019 750 1080 de
761 1019 822 1082 Alta
834 1019 934 1100 Rippa,
963 1018 998 1082 de
1024 1018 1173 1082 medietate
1200 1017 1313 1085 bastide

235 1112 271 1175 de
288 1111 430 1191 Divisino;
446 1114 592 1178 continens
604 1114 687 1178 etiam
703 1115 778 1196 quod
792 1115 866 1176 idem
882 1115 958 1202 dom.¹
975 1114 1123 1202 dalphinus
1137 1113 1242 1197 dictum
1256 1122 1311 1197 Ay.

234 1207 299 1274 fecit
312 1209 374 1274 vice
390 1210 519 1273 comitem
538 1212 713 1276 clarimontis
726 1213 754 1275 in
772 1211 873 1274 Triviis
890 1212 969 1278 etde
999 1211 1162 1294 Royssanis,
1190 1210 1311 1294 Dyensis

234 1305 364 1384 diocesis,
380 1307 526 1370 continens
538 1308 624 1371 eciam
641 1310 735 1390 plures
759 1308 902 1389 pactiones
933 1321 961 1371 et
982 1307 1187 1372 conventiones
1207 1307 1310 1370 inhitas

234 1402 420 1466 interdictum
435 1404 512 1468 dom.
538 1404 698 1486 dalphinum
720 1419 748 1468 et
768 1404 960 1468 vicecomitem
983 1404 1170 1480 clarimontis,
1203 1424 1258 1486 que
1283 1405 1313 1468 in

234 1499 355 1582 presenti
365 1514 489 1580 regestro
504 1515 618 1584 propter
627 1501 811 1582 prolixitatem
822 1499 928 1563 narrari
947 1520 1004 1562 non
1019 1513 1145 1582 possunt.

277 1614 342 1676 379.
361 1604 440 1673 Item,
458 1598 543 1678 qued.
561 1597 639 1660 litere
662 1597 765 1678 scripte
774 1596 849 1678 apud
863 1604 993 1660 Sanctum
1007 1598 1155 1675 Albanum,
1171 1596 1200 1670 in
1227 1597 1312 1683 domo

233 1691 341 1756 abbatis
356 1693 449 1756 Sancti
463 1694 537 1756 Petri
550 1694 616 1756 ioris
631 1706 751 1775 portam,
767 1712 861 1759 coram
874 1694 983 1776 notario
1010 1693 1172 1756 officialatus
1192 1695 1312 1786 Lpgdu-

221 1790 337 1867 nensis,
354 1791 406 1854 sub
420 1795 494 1854 anno
512 1791 564 1854 Diri
583 1799 782 1868 M⁰Ccc⁰Vll⁰,
800 1791 846 1854 die
869 1807 972 1854 nnvnra
996 1792 1097 1868 mensis
1122 1791 1230 1868 marcii,
1258 1813 1315 1876 que

233 1887 389 1951 debuerunt
414 1888 526 1972 sigillari
554 1888 643 1970 sigillo
658 1888 784 1952 officialis
806 1888 935 1975 Lugduni
956 1902 984 1951 et
1007 1888 1096 1974 sigillo
1110 1883 1314 1976 archiepiscopi

233 1983 298 2048 dicti
308 1985 372 2062 loci
389 1984 454 2048 licet
470 1985 586 2067 sigillate
603 2005 659 2048 non
670 1985 773 2062 fuerint
783 1998 904 2066 reperte
921 1984 1097 2074 continentes
1122 1983 1197 2067 quod
1210 1983 1314 2048 nobilis

232 2078 352 2144 lacobus
367 2080 495 2144 dominus
511 2081 546 2144 de
560 2081 705 2168 Geireysio
718 2080 804 2145 dabat
817 2082 895 2159 ιιοιιιο
912 2063 1032 2162 Guidoni
1044 2079 1172 2162 Dalphini
1187 2093 1314 2154 castrum

232 2198 311 2240 suum
325 2177 361 2240 de
382 2178 490 2240 viriaco
505 2179 586 2241 situm
601 2198 685 2260 supra
699 2192 820 2242 castrum
833 2179 869 2241 de
882 2178 1039 2264 Malavalle,
1068 2175 1235 2266 Viennensis
1248 2177 1315 2245 dio-

110 2327 113 2336 .
230 2274 312 2352 cesis,
330 2288 358 2338 et
372 2275 484 2336 domum
500 2294 597 2338 suam
593 2275 639 2340 de
662 2264 845 2361 chavannay,
872 2275 995 2354 eiusdem
1020 2273 1152 2352 diocesis,
1169 2292 1234 2340 curn
1251 2275 1311 2344 suis

232 2370 337 2452 juribus
351 2385 379 2433 et
394 2372 577 2453 pertinentiis,
593 2386 622 2436 et
635 2372 769 2455 originale
784 2386 826 2438 est
842 2371 1018 2454 registratum
1029 2369 1058 2432 in
1073 2368 1219 2457 registro
1205 2369 1316 2436 instro-

232 2483 389 2533 mentorum
401 2481 476 2531 terre
491 2468 597 2531 Turris.

294 2649 498 2726 SEQJNTUR
513 2649 784 2707 INSTRUMENTA
796 2651 1026 2708 DOMINORUM
1043 2649 1184 2708 AYMARI
1204 2649 1254 2732 ΕΤ

238 2745 414 2803 LUDOVlCl
453 2748 500 2802 DE
537 2747 709 2804 Plcrnvln
748 2747 794 2803 ET
823 2748 991 2804 ALlORUM
1018 2745 1317 2805 PICTAVIENSIUM

274 2837 450 2901 continentia
463 2838 592 2919 homagia
606 2851 635 2902 et
641 2852 846 2920 recognitiones
861 2859 911 2920 per
926 2839 1040 2902 eosdem
1053 2839 1140 2936 iactas
1154 2851 1183 2904 et
1195 2837 1276 2932 facta

492 2935 604 2998 domino
619 2950 715 2999 nostro
743 2936 874 3017 dalphino
890 2935 1051 3028 Viennensi.

278 3049 343 3140 3⁸⁰·
363 3049 470 3124 Primo,
491 3049 609 3131 quedam
624 3049 702 3112 litera
718 3050 834 3132 sigillata
861 3050 950 3112 tribus
974 3018 1079 3140 sigillis,
1109 3048 1212 3132 scripta
1237 3067 1317 3133 apno

236 3146 345 3212 Domini
361 3152 580 3224 ll⁰cc⁰XXlll0,
594 3147 739 3209 continens
753 3147 829 3228 quod
845 3152 982 3229 Aynparus
1001 3147 1036 3209 de
1057 3145 1181 3209 Pictavia
1197 3147 1320 3228 petebat

234 3265 250 3306 a
276 3244 406 3325 dalphino
428 3245 529 3305 XXXm
553 3243 657 3306 solidos
682 3263 735 3325 pro
755 3243 928 3321 restitutione
956 3243 1029 3306 dotis
1058 3242 1113 3326 filie
1138 3235 1226 3327 ipsius
1239 3243 1319 3305 dom¹

233 3342 344 3425 Aymari
362 3341 397 3403 de
420 3341 544 3403 Pictavia
564 3342 714 3423 uxorisque
740 3341 889 3416 dictidom¹
912 3341 1044 3422 dalphini,
1063 3354 1092 3402 et
1115 3339 1166 3402 fuit
1189 3359 1321 3419 concor-

219 3439 329 3502 -datum
342 3440 417 3521 quod
432 3439 522 3501 eidem
537 3446 658 3522 aymaro
669 3440 844 3514 solverentur
858 3442 945 3516 xxm,
961 3452 1043 3522 prout
1056 3438 1108 3500 hec
1125 3450 1152 3523 et
1166 3436 1251 3518 plura
1262 3437 1319 3500 alia

234 3535 263 3600 in
278 3535 353 3599 dicto
364 3535 547 3598 instrumento
562 3535 749 3605 continentur.
973 3607 974 3614 ἵ
1241 3523 1244 3530 ’
1419 3607 1420 3618 χ

278 3633 344 3712 381.
359 3633 532 3713 ltem,qued,
549 3632 628 3695 litera
641 3631 669 3692 in
683 3632 814 3712 pendenti
826 3632 946 3714 quinque
963 3631 1058 3712 sigillis
1070 3629 1196 3712 sigillata,
1208 3629 1321 3714 scripta

234 3731 287 3796 sub
303 3749 377 3792 anno
393 3735 607 3806 M⁰cc⁰LVlll⁰,
624 3728 769 3791 continens
787 3727 1005 3810 recognitionem
1024 3723 1125 3789 iactam
1144 3726 1232 3789 domo·
1250 3727 1320 3790 dal·

234 3825 319 3905 phino
339 3825 375 3887 de
389 3839 480 3887 castro
494 3839 523 3888 et
536 3825 626 3908 burgo
642 3825 725 3889 Stelle
740 3845 790 3906 per
806 3833 955 3908 aymarum
971 3825 1006 3886 de
1022 3823 1157 3902 Pictavia,
1174 3836 1202 3885 et
1217 3823 1322 3914 plures

234 3922 302 3985 alias
317 3921 521 3984 conditiones
513 3942 541 3983 ιιι
555 3923 615 4004 ipsa
628 3921 706 3985 litera
718 3934 874 3985 contentas.

278 4019 343 4098 382.
375 4025 454 4095 Item,
458 4018 566 4100 qued.
596 4018 693 4082 lietera
719 4018 829 4081 duobus
848 4017 976 4100 sigillis
968 4036 997 4078 tn
1027 4015 1159 4097 pendenti
1179 4013 1318 4097 sigillata,

235 4113 337 4202 scripta
351 4114 403 4180 sub
416 4134 489 4178 anno
506 4114 560 4178 Dni
578 4123 866 4198 Mollcoctuag01110,
890 4114 977 4199 pridie
1000 4113 1063 4177 idus
1077 4112 1145 4192 julii,
1164 4112 1321 4190 continens
