<?xml version="1.0" encoding="UTF-8"?>
<!DOCTYPE html PUBLIC "-//W3C//DTD XHTML 1.0 Transitional//EN"
    "http://www.w3.org/TR/xhtml1/DTD/xhtml1-transitional.dtd">
<html xmlns="http://www.w3.org/1999/xhtml" xml:lang="en" lang="en">
 <head>
  <title>
</title>
<meta http-equiv="Content-Type" content="text/html;charset=utf-8" />
  <meta name='ocr-system' content='tesseract 3.04.00' />
  <meta name='ocr-capabilities' content='ocr_page ocr_carea ocr_par ocr_line ocrx_word'/>
</head>
<body>
  <div class='ocr_page' id='page_1' title='image "./inventairedesar00glgoog/inventairedesar00glgoog_0300.png"; bbox 0 0 2842 4900; ppageno 0'>
   <div class='ocr_carea' id='block_1_1' title="bbox 510 459 784 538">
    <p class='ocr_par' dir='ltr' id='par_1_1' title="bbox 510 459 784 538">
     <span class='ocr_line' id='line_1_1' title="bbox 510 459 784 538; baseline -0.004 -16"><span class='ocrx_word' id='word_1_1' title='bbox 510 475 690 538; x_wconf 79' lang='lat'>-271-</span> <span class='ocrx_word' id='word_1_2' title='bbox 783 459 784 466; x_wconf 77' lang='grc'>’</span> 
     </span>
    </p>
   </div>
   <div class='ocr_carea' id='block_1_2' title="bbox 11 589 1178 3809">
    <p class='ocr_par' dir='ltr' id='par_1_2' title="bbox 74 589 1144 1162">
     <span class='ocr_line' id='line_1_2' title="bbox 77 589 1140 675; baseline 0.005 -23"><span class='ocrx_word' id='word_1_3' title='bbox 77 589 220 653; x_wconf 84' lang='lat' dir='ltr'>llumberto</span> <span class='ocrx_word' id='word_1_4' title='bbox 248 589 383 672; x_wconf 84' lang='lat' dir='ltr'>rlalpbino</span> <span class='ocrx_word' id='word_1_5' title='bbox 406 603 541 674; x_wconf 78' lang='lat' dir='ltr'>tanquam</span> <span class='ocrx_word' id='word_1_6' title='bbox 553 591 666 668; x_wconf 80' lang='lat' dir='ltr'>domino</span> <span class='ocrx_word' id='word_1_7' title='bbox 684 589 855 673; x_wconf 80' lang='lat' dir='ltr'>rucigniaci,</span> <span class='ocrx_word' id='word_1_8' title='bbox 874 604 902 654; x_wconf 91' lang='lat' dir='ltr'>et</span> <span class='ocrx_word' id='word_1_9' title='bbox 929 592 1096 675; x_wconf 75' lang='lat' dir='ltr'><strong>recognovit</strong></span> <span class='ocrx_word' id='word_1_10' title='bbox 1108 613 1140 657; x_wconf 85' lang='lat' dir='ltr'>se</span> 
     </span>
     <span class='ocr_line' id='line_1_3' title="bbox 74 687 1144 754; baseline 0.006 -6"><span class='ocrx_word' id='word_1_11' title='bbox 74 700 183 750; x_wconf 76' lang='lat' dir='ltr'>teneres</span> <span class='ocrx_word' id='word_1_12' title='bbox 197 687 274 750; x_wconf 89' lang='lat' dir='ltr'>dicto</span> <span class='ocrx_word' id='word_1_13' title='bbox 286 687 400 750; x_wconf 91' lang='lat' dir='ltr'>domino</span> <span class='ocrx_word' id='word_1_14' title='bbox 413 687 449 751; x_wconf 89' lang='lat' dir='ltr'>de</span> <span class='ocrx_word' id='word_1_15' title='bbox 462 689 547 752; x_wconf 78' lang='lat' dir='ltr'>feudo</span> <span class='ocrx_word' id='word_1_16' title='bbox 561 689 809 752; x_wconf 89' lang='lat' dir='ltr'>reddibilidomum</span> <span class='ocrx_word' id='word_1_17' title='bbox 823 709 900 752; x_wconf 89' lang='lat' dir='ltr'>suam</span> <span class='ocrx_word' id='word_1_18' title='bbox 914 689 1014 754; x_wconf 82' lang='lat' dir='ltr'>fortem</span> <span class='ocrx_word' id='word_1_19' title='bbox 1028 692 1144 754; x_wconf 73' lang='lat' dir='ltr'>d’nvot-</span> 
     </span>
     <span class='ocr_line' id='line_1_4' title="bbox 74 783 1141 872; baseline 0.007 -28"><span class='ocrx_word' id='word_1_20' title='bbox 74 783 112 847; x_wconf 92' lang='lat' dir='ltr'>lue</span> <span class='ocrx_word' id='word_1_21' title='bbox 124 799 150 848; x_wconf 92' lang='lat' dir='ltr'>et</span> <span class='ocrx_word' id='word_1_22' title='bbox 161 805 179 847; x_wconf 88' lang='lat' dir='ltr'>x</span> <span class='ocrx_word' id='word_1_23' title='bbox 192 785 277 848; x_wconf 86' lang='lat' dir='ltr'>libras</span> <span class='ocrx_word' id='word_1_24' title='bbox 292 785 321 848; x_wconf 90' lang='lat' dir='ltr'>in</span> <span class='ocrx_word' id='word_1_25' title='bbox 336 786 501 864; x_wconf 82' lang='lat' dir='ltr'><strong>redditibus,</strong></span> <span class='ocrx_word' id='word_1_26' title='bbox 517 800 546 850; x_wconf 93' lang='lat' dir='ltr'>et</span> <span class='ocrx_word' id='word_1_27' title='bbox 558 786 797 850; x_wconf 82' lang='lat' dir='ltr'>confirmationem</span> <span class='ocrx_word' id='word_1_28' title='bbox 810 786 862 851; x_wconf 85' lang='lat' dir='ltr'><strong>sibi</strong></span> <span class='ocrx_word' id='word_1_29' title='bbox 875 787 976 851; x_wconf 86' lang='lat' dir='ltr'>factam</span> <span class='ocrx_word' id='word_1_30' title='bbox 990 789 1025 852; x_wconf 91' lang='lat' dir='ltr'>de</span> <span class='ocrx_word' id='word_1_31' title='bbox 1040 789 1141 872; x_wconf 81' lang='lat' dir='ltr'>aliqui-¹</span> 
     </span>
     <span class='ocr_line' id='line_1_5' title="bbox 75 880 1137 969; baseline 0.007 -26"><span class='ocrx_word' id='word_1_32' title='bbox 75 880 119 944; x_wconf 93' lang='lat' dir='ltr'>bus</span> <span class='ocrx_word' id='word_1_33' title='bbox 129 882 208 946; x_wconf 90' lang='lat' dir='ltr'>rebus</span> <span class='ocrx_word' id='word_1_34' title='bbox 219 883 344 965; x_wconf 84' lang='lat' dir='ltr'>aquisitis</span> <span class='ocrx_word' id='word_1_35' title='bbox 357 905 408 966; x_wconf 89' lang='lat' dir='ltr'>per</span> <span class='ocrx_word' id='word_1_36' title='bbox 424 885 565 962; x_wconf 90' lang='lat' dir='ltr'>eumdem,</span> <span class='ocrx_word' id='word_1_37' title='bbox 580 885 726 949; x_wconf 90' lang='lat' dir='ltr'>continens</span> <span class='ocrx_word' id='word_1_38' title='bbox 742 885 824 950; x_wconf 88' lang='lat' dir='ltr'>etiarn</span> <span class='ocrx_word' id='word_1_39' title='bbox 841 886 916 969; x_wconf 91' lang='lat' dir='ltr'>quod</span> <span class='ocrx_word' id='word_1_40' title='bbox 929 885 1003 949; x_wconf 90' lang='lat' dir='ltr'>idem</span> <span class='ocrx_word' id='word_1_41' title='bbox 1016 886 1093 949; x_wconf 88' lang='lat' dir='ltr'>dom.</span> <span class='ocrx_word' id='word_1_42' title='bbox 1104 894 1137 950; x_wconf 89' lang='grc' dir='ltr'>Ρ.</span> 
     </span>
     <span class='ocr_line' id='line_1_6' title="bbox 75 977 1143 1065; baseline 0.007 -25"><span class='ocrx_word' id='word_1_43' title='bbox 75 977 174 1042; x_wconf 89' lang='lat' dir='ltr'>domum</span> <span class='ocrx_word' id='word_1_44' title='bbox 189 1001 268 1044; x_wconf 88' lang='lat' dir='ltr'>suam</span> <span class='ocrx_word' id='word_1_45' title='bbox 281 982 400 1063; x_wconf 84' lang='lat' dir='ltr'>predict.</span> <span class='ocrx_word' id='word_1_46' title='bbox 418 982 708 1046; x_wconf 83' lang='lat' dir='ltr'>debebatfortiistcare</span> <span class='ocrx_word' id='word_1_47' title='bbox 722 997 750 1047; x_wconf 91' lang='lat' dir='ltr'>et</span> <span class='ocrx_word' id='word_1_48' title='bbox 772 983 867 1065; x_wconf 88' lang='lat' dir='ltr'>plures</span> <span class='ocrx_word' id='word_1_49' title='bbox 887 983 943 1046; x_wconf 89' lang='lat' dir='ltr'>alie</span> <span class='ocrx_word' id='word_1_50' title='bbox 967 982 1143 1048; x_wconf 85' lang='lat' dir='ltr'>conditiones</span> 
     </span>
     <span class='ocr_line' id='line_1_7' title="bbox 74 1080 539 1162; baseline 0.011 -22"><span class='ocrx_word' id='word_1_51' title='bbox 74 1093 145 1160; x_wconf 94' lang='lat' dir='ltr'>prout</span> <span class='ocrx_word' id='word_1_52' title='bbox 157 1081 254 1162; x_wconf 91' lang='lat' dir='ltr'>inipso</span> <span class='ocrx_word' id='word_1_53' title='bbox 267 1080 359 1145; x_wconf 74' lang='lat' dir='ltr'>instr¹⁹</span> <span class='ocrx_word' id='word_1_54' title='bbox 371 1082 539 1146; x_wconf 80' lang='lat' dir='ltr'>continetur.</span> 
     </span>
    </p>

    <p class='ocr_par' dir='ltr' id='par_1_3' title="bbox 73 1179 1146 2236">
     <span class='ocr_line' id='line_1_8' title="bbox 111 1179 1142 1264; baseline 0.005 -25"><span class='ocrx_word' id='word_1_55' title='bbox 111 1196 190 1259; x_wconf 85' lang='lat'>¹535·</span> <span class='ocrx_word' id='word_1_56' title='bbox 207 1185 288 1255; x_wconf 88' lang='lat' dir='ltr'>ltem,</span> <span class='ocrx_word' id='word_1_57' title='bbox 303 1179 390 1262; x_wconf 89' lang='lat' dir='ltr'>quod.</span> <span class='ocrx_word' id='word_1_58' title='bbox 413 1179 491 1262; x_wconf 93' lang='lat' dir='ltr'>publ.</span> <span class='ocrx_word' id='word_1_59' title='bbox 509 1180 721 1243; x_wconf 78' lang='lat' dir='ltr'>instrumentum</span> <span class='ocrx_word' id='word_1_60' title='bbox 746 1179 878 1261; x_wconf 87' lang='lat' dir='ltr'>scripnrm</span> <span class='ocrx_word' id='word_1_61' title='bbox 895 1199 979 1243; x_wconf 92' lang='lat' dir='ltr'>manu</span> <span class='ocrx_word' id='word_1_62' title='bbox 1008 1181 1142 1264; x_wconf 85' lang='lat' dir='ltr'>llymoris</span> 
     </span>
     <span class='ocr_line' id='line_1_9' title="bbox 74 1273 1142 1360; baseline 0.005 -24"><span class='ocrx_word' id='word_1_63' title='bbox 74 1273 103 1336; x_wconf 90' lang='lat' dir='ltr'>de</span> <span class='ocrx_word' id='word_1_64' title='bbox 116 1276 244 1340; x_wconf 87' lang='lat' dir='ltr'>&#39;lornalol</span> <span class='ocrx_word' id='word_1_65' title='bbox 256 1277 356 1340; x_wconf 85' lang='lat' dir='ltr'>notarii</span> <span class='ocrx_word' id='word_1_66' title='bbox 372 1277 450 1359; x_wconf 90' lang='lat' dir='ltr'>publ.</span> <span class='ocrx_word' id='word_1_67' title='bbox 466 1291 494 1340; x_wconf 91' lang='lat' dir='ltr'>et</span> <span class='ocrx_word' id='word_1_68' title='bbox 506 1277 645 1360; x_wconf 86' lang='lat' dir='ltr'>signatum</span> <span class='ocrx_word' id='word_1_69' title='bbox 656 1296 740 1342; x_wconf 85' lang='lat' dir='ltr'>manu</span> <span class='ocrx_word' id='word_1_70' title='bbox 757 1277 929 1359; x_wconf 88' lang='lat' dir='ltr'>Hemriqueti</span> <span class='ocrx_word' id='word_1_71' title='bbox 944 1277 980 1342; x_wconf 91' lang='lat' dir='ltr'>de</span> <span class='ocrx_word' id='word_1_72' title='bbox 996 1277 1142 1342; x_wconf 83' lang='lat' dir='ltr'>Florentia</span> 
     </span>
     <span class='ocr_line' id='line_1_10' title="bbox 74 1373 1141 1457; baseline 0.004 -23"><span class='ocrx_word' id='word_1_73' title='bbox 74 1373 117 1435; x_wconf 90' lang='lat' dir='ltr'>sub</span> <span class='ocrx_word' id='word_1_74' title='bbox 131 1394 202 1438; x_wconf 91' lang='lat' dir='ltr'>anno</span> <span class='ocrx_word' id='word_1_75' title='bbox 212 1375 267 1438; x_wconf 77' lang='lat' dir='ltr'>Diri</span> <span class='ocrx_word' id='word_1_76' title='bbox 283 1382 444 1454; x_wconf 79' lang='lat' dir='ltr'>tl⁰ccc⁰1⁰,</span> <span class='ocrx_word' id='word_1_77' title='bbox 459 1375 504 1439; x_wconf 90' lang='lat' dir='ltr'>die</span> <span class='ocrx_word' id='word_1_78' title='bbox 514 1375 586 1455; x_wconf 84' lang='lat' dir='ltr'>jovis</span> <span class='ocrx_word' id='word_1_79' title='bbox 599 1389 665 1457; x_wconf 94' lang='lat' dir='ltr'>post</span> <span class='ocrx_word' id='word_1_80' title='bbox 676 1375 777 1439; x_wconf 81' lang='lat' dir='ltr'>festum</span> <span class='ocrx_word' id='word_1_81' title='bbox 793 1375 1018 1439; x_wconf 83' lang='lat' dir='ltr'>circumcisionis</span> <span class='ocrx_word' id='word_1_82' title='bbox 1031 1375 1141 1439; x_wconf 84' lang='lat' dir='ltr'>Domini</span> 
     </span>
     <span class='ocr_line' id='line_1_11' title="bbox 75 1471 1140 1556; baseline 0.006 -26"><span class='ocrx_word' id='word_1_83' title='bbox 75 1488 107 1531; x_wconf 88' lang='lat' dir='ltr'>nn</span> <span class='ocrx_word' id='word_1_84' title='bbox 117 1471 160 1534; x_wconf 92' lang='lat' dir='ltr'>die</span> <span class='ocrx_word' id='word_1_85' title='bbox 173 1473 292 1536; x_wconf 82' lang='lat' dir='ltr'>intrante</span> <span class='ocrx_word' id='word_1_86' title='bbox 304 1492 399 1536; x_wconf 87' lang='lat' dir='ltr'>mense</span> <span class='ocrx_word' id='word_1_87' title='bbox 411 1472 643 1552; x_wconf 69' lang='lat' dir='ltr'>januariiindict.</span> <span class='ocrx_word' id='word_1_88' title='bbox 657 1491 706 1546; x_wconf 80' lang='lat' dir='ltr'>xv,</span> <span class='ocrx_word' id='word_1_89' title='bbox 719 1473 1032 1556; x_wconf 84' lang='lat' dir='ltr'>continensbomagiurn</span> <span class='ocrx_word' id='word_1_90' title='bbox 1045 1473 1140 1556; x_wconf 81' lang='lat' dir='ltr'>ligium</span> 
     </span>
     <span class='ocr_line' id='line_1_12' title="bbox 74 1570 1139 1653; baseline 0.005 -24"><span class='ocrx_word' id='word_1_91' title='bbox 74 1570 203 1648; x_wconf 87' lang='lat' dir='ltr'>prestitum</span> <span class='ocrx_word' id='word_1_92' title='bbox 230 1590 282 1651; x_wconf 91' lang='lat' dir='ltr'>per</span> <span class='ocrx_word' id='word_1_93' title='bbox 299 1571 376 1634; x_wconf 91' lang='lat' dir='ltr'>dom.</span> <span class='ocrx_word' id='word_1_94' title='bbox 399 1570 605 1653; x_wconf 87' lang='lat' dir='ltr'>G(uillelmum)</span> <span class='ocrx_word' id='word_1_95' title='bbox 628 1570 665 1633; x_wconf 91' lang='lat' dir='ltr'>de</span> <span class='ocrx_word' id='word_1_96' title='bbox 688 1570 818 1649; x_wconf 80' lang='lat' dir='ltr'>lantvile,</span> <span class='ocrx_word' id='word_1_97' title='bbox 843 1571 985 1634; x_wconf 91' lang='lat' dir='ltr'>dominum</span> <span class='ocrx_word' id='word_1_98' title='bbox 1003 1571 1044 1634; x_wconf 89' lang='lat' dir='ltr'>de·</span> <span class='ocrx_word' id='word_1_99' title='bbox 1067 1579 1139 1649; x_wconf 87' lang='lat' dir='ltr'>Jatz,</span> 
     </span>
     <span class='ocr_line' id='line_1_13' title="bbox 73 1666 1146 1752; baseline 0.006 -26"><span class='ocrx_word' id='word_1_100' title='bbox 73 1666 142 1728; x_wconf 82' lang='lat' dir='ltr'>dom0</span> <span class='ocrx_word' id='word_1_101' title='bbox 157 1668 312 1731; x_wconf 86' lang='lat' dir='ltr'>llumberto</span> <span class='ocrx_word' id='word_1_102' title='bbox 336 1668 469 1750; x_wconf 89' lang='lat' dir='ltr'>dalphino</span> <span class='ocrx_word' id='word_1_103' title='bbox 486 1683 515 1734; x_wconf 90' lang='lat' dir='ltr'>et</span> <span class='ocrx_word' id='word_1_104' title='bbox 539 1668 764 1750; x_wconf 78' lang='lat' dir='ltr'>recognitionem</span> <span class='ocrx_word' id='word_1_105' title='bbox 777 1689 828 1752; x_wconf 93' lang='lat' dir='ltr'>per</span> <span class='ocrx_word' id='word_1_106' title='bbox 841 1669 970 1732; x_wconf 89' lang='lat' dir='ltr'>eumdem</span> <span class='ocrx_word' id='word_1_107' title='bbox 987 1669 1088 1733; x_wconf 84' lang='lat' dir='ltr'>lactant</span> <span class='ocrx_word' id='word_1_108' title='bbox 1106 1669 1146 1732; x_wconf 88' lang='lat' dir='ltr'>de·</span> 
     </span>
     <span class='ocr_line' id='line_1_14' title="bbox 74 1762 1142 1846; baseline 0.005 -23"><span class='ocrx_word' id='word_1_109' title='bbox 74 1762 175 1846; x_wconf 88' lang='lat' dir='ltr'>hiisque</span> <span class='ocrx_word' id='word_1_110' title='bbox 187 1787 205 1828; x_wconf 91' lang='lat' dir='ltr'>a</span> <span class='ocrx_word' id='word_1_111' title='bbox 219 1766 333 1829; x_wconf 92' lang='lat' dir='ltr'>domino</span> <span class='ocrx_word' id='word_1_112' title='bbox 346 1766 473 1842; x_wconf 89' lang='lat' dir='ltr'>tenebat,</span> <span class='ocrx_word' id='word_1_113' title='bbox 488 1779 516 1829; x_wconf 85' lang='lat' dir='ltr'>et</span> <span class='ocrx_word' id='word_1_114' title='bbox 529 1764 685 1829; x_wconf 86' lang='lat' dir='ltr'>ratifficavit</span> <span class='ocrx_word' id='word_1_115' title='bbox 699 1766 772 1829; x_wconf 91' lang='lat' dir='ltr'>idem</span> <span class='ocrx_word' id='word_1_116' title='bbox 786 1767 915 1829; x_wconf 92' lang='lat' dir='ltr'>dominus</span> <span class='ocrx_word' id='word_1_117' title='bbox 924 1767 959 1829; x_wconf 89' lang='lat' dir='ltr'>de</span> <span class='ocrx_word' id='word_1_118' title='bbox 974 1773 1034 1829; x_wconf 89' lang='lat' dir='ltr'>latz</span> <span class='ocrx_word' id='word_1_119' title='bbox 1048 1766 1142 1828; x_wconf 86' lang='lat' dir='ltr'>omnia</span> 
     </span>
     <span class='ocr_line' id='line_1_15' title="bbox 73 1860 1144 1945; baseline 0.007 -23"><span class='ocrx_word' id='word_1_120' title='bbox 73 1860 240 1926; x_wconf 88' lang='lat' dir='ltr'>instrumenta</span> <span class='ocrx_word' id='word_1_121' title='bbox 254 1878 283 1927; x_wconf 89' lang='lat' dir='ltr'>et</span> <span class='ocrx_word' id='word_1_122' title='bbox 297 1865 389 1927; x_wconf 80' lang='lat' dir='ltr'>literas</span> <span class='ocrx_word' id='word_1_123' title='bbox 399 1863 463 1928; x_wconf 91' lang='lat' dir='ltr'>olim</span> <span class='ocrx_word' id='word_1_124' title='bbox 479 1863 552 1928; x_wconf 87' lang='lat' dir='ltr'>facta</span> <span class='ocrx_word' id='word_1_125' title='bbox 565 1863 687 1926; x_wconf 86' lang='lat' dir='ltr'>etlactas</span> <span class='ocrx_word' id='word_1_126' title='bbox 696 1864 769 1926; x_wconf 91' lang='lat' dir='ltr'>inter</span> <span class='ocrx_word' id='word_1_127' title='bbox 780 1864 858 1928; x_wconf 93' lang='lat' dir='ltr'>dom.</span> <span class='ocrx_word' id='word_1_128' title='bbox 874 1872 999 1928; x_wconf 87' lang='lat' dir='ltr'>Leonam</span> <span class='ocrx_word' id='word_1_129' title='bbox 1010 1865 1070 1945; x_wconf 88' lang='lat' dir='ltr'>ejus</span> <span class='ocrx_word' id='word_1_130' title='bbox 1083 1886 1144 1929; x_wconf 85' lang='lat' dir='ltr'>ma-</span> 
     </span>
     <span class='ocr_line' id='line_1_16' title="bbox 73 1960 1139 2044; baseline 0.006 -24"><span class='ocrx_word' id='word_1_131' title='bbox 73 1971 133 2021; x_wconf 89' lang='lat' dir='ltr'>trem</span> <span class='ocrx_word' id='word_1_132' title='bbox 143 1975 171 2024; x_wconf 89' lang='lat' dir='ltr'>et</span> <span class='ocrx_word' id='word_1_133' title='bbox 184 1981 249 2024; x_wconf 89' lang='lat' dir='ltr'>suos</span> <span class='ocrx_word' id='word_1_134' title='bbox 263 1961 477 2043; x_wconf 83' lang='lat' dir='ltr'>predecessores</span> <span class='ocrx_word' id='word_1_135' title='bbox 485 1975 513 2024; x_wconf 91' lang='lat' dir='ltr'>et</span> <span class='ocrx_word' id='word_1_136' title='bbox 527 1961 604 2023; x_wconf 89' lang='lat' dir='ltr'>dom.</span> <span class='ocrx_word' id='word_1_137' title='bbox 615 1960 777 2043; x_wconf 86' lang='lat' dir='ltr'>dalphinum</span> <span class='ocrx_word' id='word_1_138' title='bbox 792 1975 820 2025; x_wconf 91' lang='lat' dir='ltr'>et</span> <span class='ocrx_word' id='word_1_139' title='bbox 833 1980 899 2025; x_wconf 91' lang='lat' dir='ltr'>suos</span> <span class='ocrx_word' id='word_1_140' title='bbox 912 1962 1139 2044; x_wconf 86' lang='lat' dir='ltr'>predecessores,</span> 
     </span>
     <span class='ocr_line' id='line_1_17' title="bbox 74 2058 1146 2141; baseline 0.006 -23"><span class='ocrx_word' id='word_1_141' title='bbox 74 2059 204 2122; x_wconf 89' lang='lat' dir='ltr'>mntinens</span> <span class='ocrx_word' id='word_1_142' title='bbox 227 2059 310 2122; x_wconf 89' lang='lat' dir='ltr'>etiam</span> <span class='ocrx_word' id='word_1_143' title='bbox 335 2059 364 2122; x_wconf 96' lang='lat' dir='ltr'>in</span> <span class='ocrx_word' id='word_1_144' title='bbox 379 2058 435 2123; x_wconf 86' lang='lat' dir='ltr'>hnc</span> <span class='ocrx_word' id='word_1_145' title='bbox 449 2059 669 2141; x_wconf 84' lang='lat' dir='ltr'>recognitionem</span> <span class='ocrx_word' id='word_1_146' title='bbox 681 2059 784 2123; x_wconf 74' lang='lat' dir='ltr'>lactan</span> <span class='ocrx_word' id='word_1_147' title='bbox 794 2079 846 2141; x_wconf 90' lang='lat' dir='ltr'>per</span> <span class='ocrx_word' id='word_1_148' title='bbox 859 2060 962 2123; x_wconf 90' lang='lat' dir='ltr'>dictam</span> <span class='ocrx_word' id='word_1_149' title='bbox 976 2059 1052 2123; x_wconf 87' lang='lat' dir='ltr'>dom.</span> <span class='ocrx_word' id='word_1_150' title='bbox 1066 2067 1146 2124; x_wconf 79' lang='lat' dir='ltr'>Leu-</span> 
     </span>
     <span class='ocr_line' id='line_1_18' title="bbox 73 2156 337 2236; baseline 0.011 -20"><span class='ocrx_word' id='word_1_151' title='bbox 73 2173 129 2216; x_wconf 90' lang='lat' dir='ltr'>nam</span> <span class='ocrx_word' id='word_1_152' title='bbox 141 2156 197 2236; x_wconf 76' lang='lat' dir='ltr'>eius</span> <span class='ocrx_word' id='word_1_153' title='bbox 208 2171 337 2220; x_wconf 91' lang='lat' dir='ltr'>matrem.</span> 
     </span>
    </p>

    <p class='ocr_par' dir='ltr' id='par_1_4' title="bbox 11 2251 1178 2808">
     <span class='ocr_line' id='line_1_19' title="bbox 111 2251 1141 2337; baseline 0.006 -23"><span class='ocrx_word' id='word_1_154' title='bbox 111 2270 138 2333; x_wconf 82' lang='lat'>¹5</span> <span class='ocrx_word' id='word_1_155' title='bbox 145 2257 188 2332; x_wconf 80' lang='lat'>36,</span> <span class='ocrx_word' id='word_1_156' title='bbox 204 2251 285 2332; x_wconf 90' lang='lat' dir='ltr'>ltem&#39;,</span> <span class='ocrx_word' id='word_1_157' title='bbox 301 2255 388 2337; x_wconf 87' lang='lat' dir='ltr'>quod.</span> <span class='ocrx_word' id='word_1_158' title='bbox 415 2256 492 2337; x_wconf 91' lang='lat' dir='ltr'>publ.</span> <span class='ocrx_word' id='word_1_159' title='bbox 510 2256 723 2319; x_wconf 88' lang='lat' dir='ltr'>instrumentum</span> <span class='ocrx_word' id='word_1_160' title='bbox 745 2256 878 2337; x_wconf 90' lang='lat' dir='ltr'>scriptum</span> <span class='ocrx_word' id='word_1_161' title='bbox 899 2275 983 2319; x_wconf 92' lang='lat' dir='ltr'>manu</span> <span class='ocrx_word' id='word_1_162' title='bbox 1007 2256 1141 2320; x_wconf 84' lang='lat' dir='ltr'>lobannis</span> 
     </span>
     <span class='ocr_line' id='line_1_20' title="bbox 11 2349 1142 2432; baseline 0.008 -23"><span class='ocrx_word' id='word_1_163' title='bbox 11 2413 13 2422; x_wconf 50' lang='lat'>,</span> <span class='ocrx_word' id='word_1_164' title='bbox 74 2349 208 2429; x_wconf 84' lang='lat' dir='ltr'>llicboleti,</span> <span class='ocrx_word' id='word_1_165' title='bbox 224 2351 278 2416; x_wconf 87' lang='lat' dir='ltr'>sub</span> <span class='ocrx_word' id='word_1_166' title='bbox 289 2373 365 2416; x_wconf 88' lang='lat' dir='ltr'>anno</span> <span class='ocrx_word' id='word_1_167' title='bbox 383 2353 437 2416; x_wconf 80' lang='lat' dir='ltr'>Diri</span> <span class='ocrx_word' id='word_1_168' title='bbox 455 2360 721 2432; x_wconf 82' lang='lat' dir='ltr'>M⁰CCC⁰XxxlX⁰,</span> <span class='ocrx_word' id='word_1_169' title='bbox 738 2353 783 2416; x_wconf 92' lang='lat' dir='ltr'>die</span> <span class='ocrx_word' id='word_1_170' title='bbox 797 2365 852 2416; x_wconf 80' lang='lat' dir='ltr'>xu²</span> <span class='ocrx_word' id='word_1_171' title='bbox 865 2355 968 2418; x_wconf 91' lang='lat' dir='ltr'>mensis</span> <span class='ocrx_word' id='word_1_172' title='bbox 984 2355 1058 2432; x_wconf 90' lang='lat' dir='ltr'>maii,</span> <span class='ocrx_word' id='word_1_173' title='bbox 1074 2373 1142 2418; x_wconf 88' lang='lat' dir='ltr'>con·</span> 
     </span>
     <span class='ocr_line' id='line_1_21' title="bbox 73 2446 1178 2530; baseline 0.008 -23"><span class='ocrx_word' id='word_1_174' title='bbox 73 2446 151 2512; x_wconf 81' lang='lat' dir='ltr'>uncus</span> <span class='ocrx_word' id='word_1_175' title='bbox 164 2449 369 2514; x_wconf 82' lang='lat' dir='ltr'>extimationem</span> <span class='ocrx_word' id='word_1_176' title='bbox 380 2451 482 2514; x_wconf 86' lang='lat' dir='ltr'>valoris</span> <span class='ocrx_word' id='word_1_177' title='bbox 496 2452 580 2515; x_wconf 93' lang='lat' dir='ltr'>annui</span> <span class='ocrx_word' id='word_1_178' title='bbox 598 2453 681 2520; x_wconf 88' lang='lat' dir='ltr'>castri</span> <span class='ocrx_word' id='word_1_179' title='bbox 698 2451 838 2515; x_wconf 88' lang='lat' dir='ltr'>Castelleti</span> <span class='ocrx_word' id='word_1_180' title='bbox 853 2451 888 2514; x_wconf 93' lang='lat' dir='ltr'>de</span> <span class='ocrx_word' id='word_1_181' title='bbox 905 2452 1009 2530; x_wconf 89' lang='lat' dir='ltr'>credo,</span> <span class='ocrx_word' id='word_1_182' title='bbox 1026 2451 1142 2518; x_wconf 86' lang='lat' dir='ltr'>Geben·</span> <span class='ocrx_word' id='word_1_183' title='bbox 1175 2503 1178 2509; x_wconf 90' lang='lat'>.</span> 
     </span>
     <span class='ocr_line' id='line_1_22' title="bbox 74 2546 1141 2632; baseline 0.007 -26"><span class='ocrx_word' id='word_1_184' title='bbox 74 2562 129 2607; x_wconf 89' lang='lat' dir='ltr'>nen.</span> <span class='ocrx_word' id='word_1_185' title='bbox 153 2546 280 2611; x_wconf 90' lang='lat' dir='ltr'>diocesis.</span> <span class='ocrx_word' id='word_1_186' title='bbox 296 2583 337 2596; x_wconf 89' lang='lat'>-</span> <span class='ocrx_word' id='word_1_187' title='bbox 357 2567 441 2629; x_wconf 87' lang='lat'>¹537·</span> <span class='ocrx_word' id='word_1_188' title='bbox 469 2556 548 2625; x_wconf 93' lang='lat' dir='ltr'>ltem,</span> <span class='ocrx_word' id='word_1_189' title='bbox 565 2550 651 2630; x_wconf 91' lang='lat' dir='ltr'>quod.</span> <span class='ocrx_word' id='word_1_190' title='bbox 670 2549 831 2632; x_wconf 82' lang='lat' dir='ltr'>(instrum.)</span> <span class='ocrx_word' id='word_1_191' title='bbox 852 2569 934 2612; x_wconf 91' lang='lat' dir='ltr'>manu</span> <span class='ocrx_word' id='word_1_192' title='bbox 958 2550 1024 2613; x_wconf 88' lang='lat' dir='ltr'>dicti</span> <span class='ocrx_word' id='word_1_193' title='bbox 1040 2551 1141 2614; x_wconf 89' lang='lat' dir='ltr'>notarii</span> 
     </span>
     <span class='ocr_line' id='line_1_23' title="bbox 74 2642 1141 2728; baseline 0.007 -24"><span class='ocrx_word' id='word_1_194' title='bbox 74 2642 156 2724; x_wconf 88' lang='lat' dir='ltr'>script.</span> <span class='ocrx_word' id='word_1_195' title='bbox 171 2665 244 2707; x_wconf 89' lang='lat' dir='ltr'>anno</span> <span class='ocrx_word' id='word_1_196' title='bbox 259 2665 315 2728; x_wconf 87' lang='lat' dir='ltr'>quo</span> <span class='ocrx_word' id='word_1_197' title='bbox 327 2666 410 2728; x_wconf 91' lang='lat' dir='ltr'>supra</span> <span class='ocrx_word' id='word_1_198' title='bbox 425 2665 521 2728; x_wconf 75' lang='lat' dir='ltr'>pron,</span> <span class='ocrx_word' id='word_1_199' title='bbox 550 2647 596 2710; x_wconf 90' lang='lat' dir='ltr'>die</span> <span class='ocrx_word' id='word_1_200' title='bbox 618 2664 692 2710; x_wconf 73' lang='lat' dir='ltr'>nuru</span> <span class='ocrx_word' id='word_1_201' title='bbox 708 2667 797 2712; x_wconf 90' lang='lat' dir='ltr'>mens.</span> <span class='ocrx_word' id='word_1_202' title='bbox 813 2647 889 2725; x_wconf 91' lang='lat' dir='ltr'>maii,</span> <span class='ocrx_word' id='word_1_203' title='bbox 905 2647 1052 2712; x_wconf 90' lang='lat' dir='ltr'>continens</span> <span class='ocrx_word' id='word_1_204' title='bbox 1067 2647 1141 2712; x_wconf 84' lang='lat' dir='ltr'>exti-</span> 
     </span>
     <span class='ocr_line' id='line_1_24' title="bbox 75 2741 704 2808; baseline 0.011 -8"><span class='ocrx_word' id='word_1_205' title='bbox 75 2741 207 2806; x_wconf 90' lang='lat' dir='ltr'>mationem</span> <span class='ocrx_word' id='word_1_206' title='bbox 217 2744 302 2806; x_wconf 89' lang='lat' dir='ltr'>annui</span> <span class='ocrx_word' id='word_1_207' title='bbox 318 2743 420 2807; x_wconf 89' lang='lat' dir='ltr'>valoris</span> <span class='ocrx_word' id='word_1_208' title='bbox 432 2745 514 2808; x_wconf 90' lang='lat' dir='ltr'>castri</span> <span class='ocrx_word' id='word_1_209' title='bbox 531 2751 608 2808; x_wconf 84' lang='lat' dir='ltr'>Bone</span> <span class='ocrx_word' id='word_1_210' title='bbox 623 2744 704 2808; x_wconf 89' lang='lat' dir='ltr'>Ville.</span> 
     </span>
    </p>

    <p class='ocr_par' dir='ltr' id='par_1_5' title="bbox 75 2839 1141 3492">
     <span class='ocr_line' id='line_1_25' title="bbox 111 2839 1141 2923; baseline 0.004 -23"><span class='ocrx_word' id='word_1_211' title='bbox 111 2840 187 2920; x_wconf 81' lang='lat'>1538.</span> <span class='ocrx_word' id='word_1_212' title='bbox 202 2847 282 2919; x_wconf 90' lang='lat' dir='ltr'>ltem,</span> <span class='ocrx_word' id='word_1_213' title='bbox 298 2841 382 2922; x_wconf 87' lang='lat' dir='ltr'>queel.</span> <span class='ocrx_word' id='word_1_214' title='bbox 405 2842 483 2904; x_wconf 90' lang='lat' dir='ltr'>litere</span> <span class='ocrx_word' id='word_1_215' title='bbox 505 2841 533 2903; x_wconf 92' lang='lat' dir='ltr'>in</span> <span class='ocrx_word' id='word_1_216' title='bbox 549 2839 835 2923; x_wconf 78' lang='lat' dir='ltr'>pendenti-sigillare,</span> <span class='ocrx_word' id='word_1_217' title='bbox 851 2841 917 2906; x_wconf 85' lang='lat' dir='ltr'>date</span> <span class='ocrx_word' id='word_1_218' title='bbox 930 2843 983 2907; x_wconf 93' lang='lat' dir='ltr'>sub</span> <span class='ocrx_word' id='word_1_219' title='bbox 996 2862 1070 2906; x_wconf 90' lang='lat' dir='ltr'>anno</span> <span class='ocrx_word' id='word_1_220' title='bbox 1086 2841 1141 2908; x_wconf 79' lang='lat' dir='ltr'>oni</span> 
     </span>
     <span class='ocr_line' id='line_1_26' title="bbox 76 2938 1141 3021; baseline 0.004 -24"><span class='ocrx_word' id='word_1_221' title='bbox 76 2941 275 3015; x_wconf 68' lang='lat' dir='ltr'>ll⁰CC⁰llllx¹l,</span> <span class='ocrx_word' id='word_1_222' title='bbox 291 2939 337 3002; x_wconf 90' lang='lat' dir='ltr'>die</span> <span class='ocrx_word' id='word_1_223' title='bbox 353 2938 461 3002; x_wconf 90' lang='lat' dir='ltr'>sabbati</span> <span class='ocrx_word' id='word_1_224' title='bbox 477 2953 541 3020; x_wconf 88' lang='lat' dir='ltr'>post</span> <span class='ocrx_word' id='word_1_225' title='bbox 554 2939 694 3002; x_wconf 75' lang='lat' dir='ltr'>lestumbl</span> <span class='ocrx_word' id='word_1_226' title='bbox 709 2938 864 3017; x_wconf 86' lang='lat' dir='ltr'>Michaelis,</span> <span class='ocrx_word' id='word_1_227' title='bbox 877 2941 1053 3004; x_wconf 90' lang='lat' dir='ltr'>continentes</span> <span class='ocrx_word' id='word_1_228' title='bbox 1064 2939 1141 3021; x_wconf 90' lang='lat' dir='ltr'>quod</span> 
     </span>
     <span class='ocr_line' id='line_1_27' title="bbox 76 3035 1140 3102; baseline 0.005 -9"><span class='ocrx_word' id='word_1_229' title='bbox 76 3038 154 3098; x_wconf 87' lang='lat' dir='ltr'>Leona</span> <span class='ocrx_word' id='word_1_230' title='bbox 169 3035 281 3098; x_wconf 90' lang='lat' dir='ltr'>domina</span> <span class='ocrx_word' id='word_1_231' title='bbox 294 3035 330 3098; x_wconf 89' lang='lat' dir='ltr'>dc</span> <span class='ocrx_word' id='word_1_232' title='bbox 340 3043 405 3098; x_wconf 89' lang='lat' dir='ltr'>lacz</span> <span class='ocrx_word' id='word_1_233' title='bbox 423 3036 551 3099; x_wconf 83' lang='lat' dir='ltr'>confessa</span> <span class='ocrx_word' id='word_1_234' title='bbox 565 3035 617 3100; x_wconf 82' lang='lat' dir='ltr'>fuit</span> <span class='ocrx_word' id='word_1_235' title='bbox 631 3036 762 3100; x_wconf 89' lang='lat' dir='ltr'>habuisse</span> <span class='ocrx_word' id='word_1_236' title='bbox 777 3057 812 3100; x_wconf 85' lang='lat' dir='ltr'>er</span> <span class='ocrx_word' id='word_1_237' title='bbox 828 3057 912 3101; x_wconf 89' lang='lat' dir='ltr'>causa</span> <span class='ocrx_word' id='word_1_238' title='bbox 929 3038 1042 3102; x_wconf 90' lang='lat' dir='ltr'>mutuia</span> <span class='ocrx_word' id='word_1_239' title='bbox 1059 3037 1140 3099; x_wconf 80' lang='lat' dir='ltr'>dom²</span> 
     </span>
     <span class='ocr_line' id='line_1_28' title="bbox 77 3132 1139 3218; baseline 0.005 -26"><span class='ocrx_word' id='word_1_240' title='bbox 77 3132 355 3218; x_wconf 73' lang='lat' dir='ltr'>Bleatrice)dalphina</span> <span class='ocrx_word' id='word_1_241' title='bbox 369 3134 518 3198; x_wconf 89' lang='lat' dir='ltr'>Viennensi</span> <span class='ocrx_word' id='word_1_242' title='bbox 531 3141 590 3197; x_wconf 85' lang='lat' dir='ltr'>Vl¹¹¹</span> <span class='ocrx_word' id='word_1_243' title='bbox 604 3134 698 3196; x_wconf 91' lang='lat' dir='ltr'>librar.</span> <span class='ocrx_word' id='word_1_244' title='bbox 715 3135 852 3198; x_wconf 82' lang='lat' dir='ltr'>viennen.</span> <span class='ocrx_word' id='word_1_245' title='bbox 878 3135 906 3198; x_wconf 93' lang='lat' dir='ltr'>in</span> <span class='ocrx_word' id='word_1_246' title='bbox 921 3136 995 3198; x_wconf 86' lang='lat' dir='ltr'>bona</span> <span class='ocrx_word' id='word_1_247' title='bbox 1020 3135 1139 3217; x_wconf 89' lang='lat' dir='ltr'>pecunia</span> 
     </span>
     <span class='ocr_line' id='line_1_29' title="bbox 75 3231 1140 3316; baseline 0.004 -26"><span class='ocrx_word' id='word_1_248' title='bbox 75 3247 201 3296; x_wconf 88' lang='lat' dir='ltr'>numerata</span> <span class='ocrx_word' id='word_1_249' title='bbox 216 3231 342 3314; x_wconf 81' lang='lat' dir='ltr'>exceptis</span> <span class='ocrx_word' id='word_1_250' title='bbox 351 3231 550 3315; x_wconf 85' lang='lat' dir='ltr'>quatringentis</span> <span class='ocrx_word' id='word_1_251' title='bbox 563 3231 639 3295; x_wconf 84' lang='lat' dir='ltr'>libris</span> <span class='ocrx_word' id='word_1_252' title='bbox 652 3231 830 3310; x_wconf 71' lang='lat' dir='ltr'>Gebennen,</span> <span class='ocrx_word' id='word_1_253' title='bbox 845 3253 897 3314; x_wconf 92' lang='lat' dir='ltr'>pro</span> <span class='ocrx_word' id='word_1_254' title='bbox 909 3233 1010 3316; x_wconf 93' lang='lat' dir='ltr'>quibus</span> <span class='ocrx_word' id='word_1_255' title='bbox 1024 3233 1140 3296; x_wconf 86' lang='lat' dir='ltr'>solven-</span> 
     </span>
     <span class='ocr_line' id='line_1_30' title="bbox 77 3326 1141 3413; baseline 0.007 -26"><span class='ocrx_word' id='word_1_256' title='bbox 77 3326 111 3390; x_wconf 90' lang='lat' dir='ltr'>dis</span> <span class='ocrx_word' id='word_1_257' title='bbox 122 3330 248 3413; x_wconf 83' lang='lat' dir='ltr'>obligavit</span> <span class='ocrx_word' id='word_1_258' title='bbox 261 3329 352 3392; x_wconf 90' lang='lat' dir='ltr'>eidem</span> <span class='ocrx_word' id='word_1_259' title='bbox 367 3343 488 3392; x_wconf 87' lang='lat' dir='ltr'>castrum</span> <span class='ocrx_word' id='word_1_260' title='bbox 505 3330 540 3392; x_wconf 93' lang='lat' dir='ltr'>de</span> <span class='ocrx_word' id='word_1_261' title='bbox 555 3336 680 3413; x_wconf 85' lang='lat' dir='ltr'>Versoya</span> <span class='ocrx_word' id='word_1_262' title='bbox 694 3343 723 3393; x_wconf 92' lang='lat' dir='ltr'>et</span> <span class='ocrx_word' id='word_1_263' title='bbox 739 3343 859 3395; x_wconf 88' lang='lat' dir='ltr'>castrum</span> <span class='ocrx_word' id='word_1_264' title='bbox 873 3330 909 3394; x_wconf 92' lang='lat' dir='ltr'>de</span> <span class='ocrx_word' id='word_1_265' title='bbox 924 3331 1007 3394; x_wconf 90' lang='lat' dir='ltr'>Clusa</span> <span class='ocrx_word' id='word_1_266' title='bbox 1026 3344 1055 3394; x_wconf 90' lang='lat' dir='ltr'>et</span> <span class='ocrx_word' id='word_1_267' title='bbox 1077 3329 1141 3394; x_wconf 82' lang='lat' dir='ltr'>leu-</span> 
     </span>
     <span class='ocr_line' id='line_1_31' title="bbox 77 3423 603 3492; baseline 0.008 -6"><span class='ocrx_word' id='word_1_268' title='bbox 77 3423 129 3488; x_wconf 90' lang='lat' dir='ltr'>dun</span> <span class='ocrx_word' id='word_1_269' title='bbox 144 3429 225 3492; x_wconf 87' lang='lat' dir='ltr'>castri</span> <span class='ocrx_word' id='word_1_270' title='bbox 241 3427 407 3491; x_wconf 81' lang='lat' dir='ltr'>castillionis</span> <span class='ocrx_word' id='word_1_271' title='bbox 419 3427 447 3489; x_wconf 92' lang='lat' dir='ltr'>in</span> <span class='ocrx_word' id='word_1_272' title='bbox 463 3427 603 3490; x_wconf 83' lang='lat' dir='ltr'>Micbalia.</span> 
     </span>
    </p>

    <p class='ocr_par' dir='ltr' id='par_1_6' title="bbox 77 3519 1142 3809">
     <span class='ocr_line' id='line_1_32' title="bbox 110 3519 1141 3608; baseline 0.002 -22"><span class='ocrx_word' id='word_1_273' title='bbox 110 3543 186 3606; x_wconf 78' lang='lat'>¹539·</span> <span class='ocrx_word' id='word_1_274' title='bbox 202 3533 283 3603; x_wconf 89' lang='lat' dir='ltr'>ltem,</span> <span class='ocrx_word' id='word_1_275' title='bbox 301 3525 388 3608; x_wconf 88' lang='lat' dir='ltr'>quod.</span> <span class='ocrx_word' id='word_1_276' title='bbox 405 3525 482 3607; x_wconf 93' lang='lat' dir='ltr'>publ.</span> <span class='ocrx_word' id='word_1_277' title='bbox 506 3525 719 3589; x_wconf 89' lang='lat' dir='ltr'>instrumentum</span> <span class='ocrx_word' id='word_1_278' title='bbox 743 3525 876 3608; x_wconf 88' lang='lat' dir='ltr'>scriptum</span> <span class='ocrx_word' id='word_1_279' title='bbox 891 3519 975 3590; x_wconf 77' lang='lat' dir='ltr'>man&#39;u</span> <span class='ocrx_word' id='word_1_280' title='bbox 998 3525 1074 3589; x_wconf 87' lang='lat' dir='ltr'>Petri</span> <span class='ocrx_word' id='word_1_281' title='bbox 1104 3525 1141 3588; x_wconf 89' lang='lat' dir='ltr'>de</span> 
     </span>
     <span class='ocr_line' id='line_1_33' title="bbox 77 3623 1138 3708; baseline 0.001 -25"><span class='ocrx_word' id='word_1_282' title='bbox 77 3625 156 3686; x_wconf 90' lang='lat' dir='ltr'>llonte</span> <span class='ocrx_word' id='word_1_283' title='bbox 174 3626 209 3688; x_wconf 92' lang='lat' dir='ltr'>de</span> <span class='ocrx_word' id='word_1_284' title='bbox 224 3631 400 3708; x_wconf 83' lang='lat' dir='ltr'>cercennay,</span> <span class='ocrx_word' id='word_1_285' title='bbox 420 3623 473 3686; x_wconf 91' lang='lat' dir='ltr'>sub</span> <span class='ocrx_word' id='word_1_286' title='bbox 498 3643 572 3687; x_wconf 90' lang='lat' dir='ltr'>anno</span> <span class='ocrx_word' id='word_1_287' title='bbox 592 3624 647 3687; x_wconf 81' lang='lat' dir='ltr'>Diri</span> <span class='ocrx_word' id='word_1_288' title='bbox 673 3629 940 3701; x_wconf 82' lang='lat' dir='ltr'>M⁰CCC⁰XXXlX⁰‚</span> <span class='ocrx_word' id='word_1_289' title='bbox 957 3623 1055 3686; x_wconf 91' lang='lat' dir='ltr'>indict.</span> <span class='ocrx_word' id='word_1_290' title='bbox 1073 3637 1138 3699; x_wconf 69' lang='lat' dir='ltr'>vtro,</span> 
     </span>
     <span class='ocr_line' id='line_1_34' title="bbox 77 3718 1142 3809; baseline 0.004 -33"><span class='ocrx_word' id='word_1_291' title='bbox 77 3719 173 3784; x_wconf 77' lang='lat' dir='ltr'>auidus</span> <span class='ocrx_word' id='word_1_292' title='bbox 182 3721 359 3804; x_wconf 86' lang='lat' dir='ltr'>septembris,</span> <span class='ocrx_word' id='word_1_293' title='bbox 375 3719 520 3783; x_wconf 91' lang='lat' dir='ltr'>continens</span> <span class='ocrx_word' id='word_1_294' title='bbox 535 3720 674 3803; x_wconf 86' lang='lat' dir='ltr'>quandam</span> <span class='ocrx_word' id='word_1_295' title='bbox 689 3721 867 3809; x_wconf 85' lang='lat' dir='ltr'>donationem</span> <span class='ocrx_word' id='word_1_296' title='bbox 883 3734 911 3783; x_wconf 87' lang='lat' dir='ltr'>et</span> <span class='ocrx_word' id='word_1_297' title='bbox 920 3720 1074 3784; x_wconf 87' lang='lat' dir='ltr'>cessionem</span> <span class='ocrx_word' id='word_1_298' title='bbox 1084 3718 1142 3782; x_wconf 78' lang='lat' dir='ltr'>lac-</span> 
     </span>
    </p>
   </div>
   <div class='ocr_carea' id='block_1_3' title="bbox 75 3806 1259 3901">
    <p class='ocr_par' dir='ltr' id='par_1_7' title="bbox 75 3806 1259 3901">
     <span class='ocr_line' id='line_1_35' title="bbox 75 3806 1259 3901; baseline 0.001 -24"><span class='ocrx_word' id='word_1_299' title='bbox 75 3827 120 3877; x_wconf 87' lang='lat' dir='ltr'>tan</span> <span class='ocrx_word' id='word_1_300' title='bbox 131 3837 177 3898; x_wconf 94' lang='lat' dir='ltr'>per</span> <span class='ocrx_word' id='word_1_301' title='bbox 189 3820 265 3882; x_wconf 92' lang='lat' dir='ltr'>dom.</span> <span class='ocrx_word' id='word_1_302' title='bbox 285 3817 448 3881; x_wconf 86' lang='lat' dir='ltr'>Beatrisiam</span> <span class='ocrx_word' id='word_1_303' title='bbox 466 3818 605 3881; x_wconf 90' lang='lat' dir='ltr'>dominam</span> <span class='ocrx_word' id='word_1_304' title='bbox 624 3819 782 3901; x_wconf 82' lang='lat' dir='ltr'>Fucigniaci</span> <span class='ocrx_word' id='word_1_305' title='bbox 795 3818 914 3882; x_wconf 89' lang='lat' dir='ltr'>condam</span> <span class='ocrx_word' id='word_1_306' title='bbox 931 3819 1012 3882; x_wconf 79' lang='lat' dir='ltr'>domo</span> <span class='ocrx_word' id='word_1_307' title='bbox 1027 3816 1141 3900; x_wconf 85' lang='lat' dir='ltr'>Hugoni</span> <span class='ocrx_word' id='word_1_308' title='bbox 1254 3806 1259 3812; x_wconf 73' lang='grc'><strong>’</strong></span> 
     </span>
    </p>
   </div>
   <div class='ocr_carea' id='block_1_4' title="bbox 75 3914 1223 4290">
    <p class='ocr_par' dir='ltr' id='par_1_8' title="bbox 75 3914 1223 4290">
     <span class='ocr_line' id='line_1_36' title="bbox 77 3914 1143 4024; baseline 0.004 -49"><span class='ocrx_word' id='word_1_309' title='bbox 77 3914 189 4024; x_wconf 73' lang='lat' dir='ltr'>Delphini</span> <span class='ocrx_word' id='word_1_310' title='bbox 208 3917 246 3981; x_wconf 89' lang='lat' dir='ltr'>de</span> <span class='ocrx_word' id='word_1_311' title='bbox 258 3916 424 4000; x_wconf 85' lang='lat' dir='ltr'>quibusdam</span> <span class='ocrx_word' id='word_1_312' title='bbox 438 3915 539 3980; x_wconf 89' lang='lat' dir='ltr'>debitis</span> <span class='ocrx_word' id='word_1_313' title='bbox 559 3917 650 3980; x_wconf 91' lang='lat' dir='ltr'>eidem</span> <span class='ocrx_word' id='word_1_314' title='bbox 672 3917 749 3980; x_wconf 91' lang='lat' dir='ltr'>dom.</span> <span class='ocrx_word' id='word_1_315' title='bbox 766 3915 895 3999; x_wconf 83' lang='lat' dir='ltr'>delphine</span> <span class='ocrx_word' id='word_1_316' title='bbox 917 3935 968 4002; x_wconf 91' lang='lat' dir='ltr'>per</span> <span class='ocrx_word' id='word_1_317' title='bbox 981 3916 1059 3982; x_wconf 91' lang='lat' dir='ltr'>dom.</span> <span class='ocrx_word' id='word_1_318' title='bbox 1078 3915 1143 3979; x_wconf 86' lang='lat' dir='ltr'>dal·</span> 
     </span>
     <span class='ocr_line' id='line_1_37' title="bbox 75 4011 1223 4193; baseline 0.003 -25"><span class='ocrx_word' id='word_1_319' title='bbox 75 4011 189 4188; x_wconf 42' lang='lat' dir='ltr'>ihm:</span> <span class='ocrx_word' id='word_1_320' title='bbox 213 4117 294 4187; x_wconf 81' lang='lat' dir='ltr'>hun,</span> <span class='ocrx_word' id='word_1_321' title='bbox 322 4108 408 4193; x_wconf 89' lang='lat' dir='ltr'>qued.</span> <span class='ocrx_word' id='word_1_322' title='bbox 421 4109 500 4173; x_wconf 83' lang='lat' dir='ltr'>litera</span> <span class='ocrx_word' id='word_1_323' title='bbox 519 4109 549 4171; x_wconf 94' lang='lat' dir='ltr'>in</span> <span class='ocrx_word' id='word_1_324' title='bbox 570 4051 705 4190; x_wconf 84' lang='lat' dir='ltr'>pendenti</span> <span class='ocrx_word' id='word_1_325' title='bbox 721 4107 851 4190; x_wconf 79' lang='lat' dir='ltr'>sigillata,</span> <span class='ocrx_word' id='word_1_326' title='bbox 869 4122 997 4174; x_wconf 84' lang='lat' dir='ltr'>emanata</span> <span class='ocrx_word' id='word_1_327' title='bbox 1013 4108 1059 4172; x_wconf 88' lang='lat' dir='ltr'>die</span> <span class='ocrx_word' id='word_1_328' title='bbox 1074 4109 1145 4171; x_wconf 72' lang='lat' dir='ltr'>luae</span> <span class='ocrx_word' id='word_1_329' title='bbox 1218 4137 1223 4146; x_wconf 92' lang='lat'><em>·</em></span> 
     </span>
     <span class='ocr_line' id='line_1_38' title="bbox 79 4195 1144 4290; baseline 0.006 -29"><span class='ocrx_word' id='word_1_330' title='bbox 79 4216 131 4268; x_wconf 85' lang='lat' dir='ltr'>ante</span> <span class='ocrx_word' id='word_1_331' title='bbox 141 4206 235 4274; x_wconf 78' lang='lat' dir='ltr'>festum</span> <span class='ocrx_word' id='word_1_332' title='bbox 250 4209 277 4271; x_wconf 75' lang='lat' dir='ltr'>b&#39;</span> <span class='ocrx_word' id='word_1_333' title='bbox 291 4208 414 4283; x_wconf 71' lang='lat' dir='ltr'>andree,</span> <span class='ocrx_word' id='word_1_334' title='bbox 431 4207 577 4272; x_wconf 78' lang='lat' dir='ltr'>coudnens</span> <span class='ocrx_word' id='word_1_335' title='bbox 590 4205 666 4288; x_wconf 91' lang='lat' dir='ltr'>quod</span> <span class='ocrx_word' id='word_1_336' title='bbox 680 4205 759 4269; x_wconf 77' lang='lat' dir='ltr'>dom³</span> <span class='ocrx_word' id='word_1_337' title='bbox 771 4195 961 4290; x_wconf 77' lang='lat' dir='ltr'>B(eatrix)&#39;de</span> <span class='ocrx_word' id='word_1_338' title='bbox 974 4205 1144 4288; x_wconf 83' lang='lat' dir='ltr'>Fucigniaco</span> 
     </span>
    </p>
   </div>
   <div class='ocr_carea' id='block_1_5' title="bbox 0 0 1427 4900">
    <p class='ocr_par' dir='ltr' id='par_1_9' title="bbox 0 0 1427 4900">
     <span class='ocr_line' id='line_1_39' title="bbox 0 0 1427 4900; baseline 0 0"><span class='ocrx_word' id='word_1_339' title='bbox 0 0 1427 4900; x_wconf 95' lang='lat' dir='ltr'> </span> 
     </span>
    </p>
   </div>
  </div>
 </body>
</html>
