2844 4900
708 475 887 536 ..„,..

289 591 358 669 694.
379 596 458 664 Item,
482 587 568 670 quod.
590 588 802 650 instrumentum
825 587 868 669 (ut
893 585 978 668 629),
1008 587 1153 649 continens
1179 584 1335 665 homagium

253 686 347 769 ligium
361 685 506 768 prestitum
518 704 568 766 per
582 691 694 748 Petrum
711 683 816 766 Poyaci
830 697 859 746 et
872 683 1057 746 terminum...

295 785 365 864 695'.
379 790 459 858 Item,
481 782 567 864 quod.
586 781 665 864 publ.
680 781 893 844 instrumentum
912 781 955 863 (ut
969 780 1053 862 627),
1074 779 1221 856 continens
1237 778 1338 840 homa·

254 880 330 962 glum
350 879 495 961 prestitum
514 897 564 959 per
592 879 714 941 nobilem
730 878 883 940 Iohannem
903 876 939 940 de
965 885 1058 939 Darna
1075 876 1110 939 de
1134 875 1237 938 Triviis
1258 875 1337 936 dom⁰

253 973 386 1056 dalphino
412 987 441 1037 et
460 975 684 1056 recognicionem
707 995 757 1056 per
777 993 840 1036 eum
864 974 966 1037 factam
987 974 1099 1036 nomine
1123 993 1174 1036 suo
1199 985 1229 1035 et
1260 980 1337 1034 ιιοιιιε

251 1071 424 1134 Chabertide
441 1079 545 1148 Darna,
562 1071 609 1134 filii
626 1071 745 1135 condam
764 1070 924 1134 Heustachii
950 1071 986 1132 de
1016 1078 1119 1148 Darna,
1145 1069 1181 1132 de
1202 1069 1257 1131 hiis
1286 1087 1338 1150 que

251 1168 386 1232 tenebant
396 1168 424 1232 in
442 1169 553 1231 Triviis.
657 1197 665 1214 ·

290 1267 359 1350 696.
388 1274 467 1342 Item,
494 1267 581 1349 quod.
609 1267 686 1348 publ.
717 1268 930 1330 instrumentum
950 1264 1092 1348 (rutro),
1114 1263 1160 1326 die
1189 1276 1335 1326 uomens.

248 1365 377 1446 januarii,
401 1363 546 1426 continens
560 1363 718 1445 homagium
735 1365 879 1447 prestitum
896 1364 975 1426 dom⁰
989 1362 1121 1444 dalphino
1143 1380 1193 1443 per
1218 1359 1338 1423 Guillel·

253 1483 328 1525 mum
343 1461 458 1525 Albares
471 1473 500 1523 et
515 1461 701 1524 terminum...

291 1561 361 1641 697.
383 1566 461 1634 Item,
478 1558 565 1640 quod.
582 1559 794 1638 instrumentum
817 1560 860 1642 (ut
872 1559 958 1641 668),
975 1557 1021 1620 die
1039 1571 1081 1619 tna
1092 1575 1181 1619 mens.
1209 1555 1338 1636 januarii,

250 1643 399 1724 continens
416 1657 574 1737 homagium
584 1657 679 1738 ligium
695 1658 796 1721 nobilis
816 1658 942 1739 Ilugonis
957 1657 992 1718 de
1008 1655 1097 1718 Millel
1108 1667 1137 1718 et
1147 1653 1338 1716 terminum...

290 1758 359 1839 698.
378 1764 457 1832 Item,
473 1756 559 1837 quod.
576 1757 653 1838 publ.
669 1757 883 1820 instrumentum
898 1755 1044 1838 sigillatum
1068 1754 1095 1816 in
1118 1753 1254 1835 pendenti
1269 1772 1341 1835 qua-

179 1911 180 1916 ,
250 1871 314 1920 ῑιιοι
330 1855 436 1937 sigillis,
454 1854 586 1934 scriptum
605 1867 633 1916 et
648 1854 785 1935 signatum
809 1873 892 1916 manu
918 1851 1054 1915 Guillelmi
1077 1851 1112 1914 de
1129 1850 1215 1912 Lucio
1240 1849 1342 1913 notarii

254 1953 345 2034 publ,
363 1952 415 2014 sub
442 1970 516 2014 anno
539 1950 592 2012 Diri
612 1957 830 2028 M⁰CC⁰LIIIII⁰,
845 1950 942 2012 indict.
959 1949 1075 2031 quimta,
1089 1967 1127 2009 xv
1139 1947 1255 2009 kalend.
1272 1946 1339 2026 julii,

250 2051 395 2113 continens
421 2049 656 2130 permutationem
675 2048 777 2112 iactam
802 2048 837 2111 de
854 2062 946 2111 castro
959 2045 1128 2109 Caesenatici
1144 2059 1173 2108 et
1204 2045 1341 2107 Ysaronis

250 2147 328 2209 dom⁰
342 2146 461 2228 Guigoni
473 2146 603 2227 dalphino
624 2161 653 2210 et
670 2146 734 2227 (leg.
750 2146 814 2228 per)
828 2147 935 2209 Floram
950 2145 1032 2207 liliam
1053 2142 1165 2228 nymari
1178 2141 1215 2204 de
1236 2143 1342 2206 Casse-

166 2231 168 2234 ’
251 2244 354 2321 natico,
373 2263 488 2306 uxorem
508 2243 645 2306 Guillelmi
661 2243 794 2305 nrthaudi
808 2243 854 2304 Ilii
877 2243 996 2306 condam
1018 2241 1092 2304 dom¹
1122 2240 1198 2303 Petri
1220 2241 1340 2316 Ysaudi,

252 2361 315 2404 cum
331 2355 423 2404 castro
440 2341 543 2402 Montis
560 2340 632 2402 Clari
652 2353 680 2402 et
693 2340 729 2402 de
742 2345 836 2404 Verori
854 2353 874 2402 ¹.
1381 2327 1386 2342 ’

292 2437 360 2520 699.
378 2445 457 2514 Item,
467 2438 551 2519 qued.
565 2438 659 2501 lictere
676 2437 792 2519 sigillate
806 2438 835 2499 in
849 2437 981 2518 pendenti
996 2435 1106 2498 duobus
1113 2433 1221 2515 sigillis,
1234 2434 1341 2515 scripte

253 2553 327 2595 anno
344 2535 431 2598 Ditice
448 2535 563 2597 Nativit.
579 2542 797 2612 II⁰CC0IIXIII⁰,
807 2535 905 2598 indict.
919 2553 984 2611 ιιιιι,
996 2547 1052 2596 ιιιιο
1060 2525 1173 2595 kalend.
1187 2530 1257 2610 julii,
1274 2526 1342 2594 con-

253 2630 344 2692 tinens
358 2631 547 2692 venditionem
565 2632 696 2694 mistralie
717 2632 880 2695 Bucurionis
906 2632 1007 2694 factam
1031 2629 1153 2692 Berlioni
1171 2629 1207 2690 de
1221 2635 1342 2693 Castro-

252 2726 358 2808 no(vo)
372 2746 423 2807 per
437 2726 612 2788 Guillelmum
628 2729 753 2790 Chalvini
775 2742 803 2790 et
823 2728 998 2791 Hunbertum
1021 2726 1080 2807 ejus
1096 2727 1221 2802 fratrem,
1249 2739 1283 2789 et
1307 2726 1341 2790 de

254 2822 380 2904 pluribus
395 2823 454 2885 aliis
468 2822 552 2885 rebus
566 2825 695 2888 venditis.

297 2939 366 2998 700.
387 2927 466 2997 Item,
482 2922 567 3002 qued.
586 2922 677 2985 littera
701 2923 818 3004 sigillata
836 2923 864 2984 in
887 2921 1020 3004 pendenti
1045 2920 1136 3002 sigillo
1151 2919 1293 2982 Guillelmi
1306 2920 1341 2982 de

257 3018 483 3094 Intermontibus,
498 3019 602 3080 domini
619 3019 686 3082 dicti
701 3020 754 3082 loci
771 3019 901 3096 condam,
917 3019 1049 3099 scriptum
1065 3017 1139 3099 apud
1158 3025 1266 3080 Musam
1288 3018 1341 3080 sub

205 3181 209 3192 ,
255 3133 328 3176 anno
347 3114 439 3176 ‘Dirice
456 3122 566 3178 Incatn.
583 3122 844 3192 M⁰CC0XIIXIIII⁰,
861 3135 905 3178 νι0
925 3115 1038 3178 kalend.
1053 3115 1174 3196 augusti,
1192 3113 1342 3178 continens

252 3211 327 3293 quod
345 3211 434 3273 dictus
450 3212 611 3275 Guillelmus
623 3213 658 3275 de
670 3214 884 3275 Intermontibus
900 3213 1000 3298 juravit
1016 3213 1090 3294 quod
1106 3213 1210 3274 anullo
1224 3213 1343 3275 tenebat

251 3321 372 3371 castrum
381 3308 417 3372 de
433 3310 658 3387 Intermontibus,
675 3325 703 3373 et
714 3311 804 3392 ipsum
817 3325 937 3374 castrum
965 3330 1028 3373 cunt
1057 3310 1116 3388 ejus
1140 3309 1341 3374 mandamento

252 3408 388 3488 accepita
405 3407 483 3470 dom⁰
498 3409 625 3490 Guigone
635 3408 766 3490 dalphino
779 3409 807 3471 in
820 3409 933 3472 feudum
951 3423 979 3472 et
994 3409 1122 3472 eumdem
1137 3407 1265 3490 promisit
1295 3410 1342 3489 ju-

252 3527 319 3568 vare
333 3506 368 3570 de
382 3506 539 3569 hominibus
553 3507 619 3569 dicti
632 3507 726 3568 castri.

292 3622 362 3681 70¹·
382 3609 461 3678 Item,
485 3603 572 3685 quod.
602 3603 680 3684 publ.
696 3603 908 3666 instrumentum
923 3603 1055 3684 scriptum
1070 3621 1154 3664 manu
1171 3601 1278 3664 Alberti
1304 3602 1340 3665 de

254 3699 365 3781 Brayda
374 3701 473 3763 notarii
483 3699 561 3782 publ.
578 3699 630 3762 sub
644 3720 717 3762 anno
729 3701 820 3763 Dnice
833 3708 942 3762 Incarn.
959 3705 1203 3775 M0CC⁰XC⁰IIII⁰‚
1216 3698 1280 3761 scil.
1294 3698 1340 3761 die

255 3796 349 3857 martis
358 3796 385 3857 in
395 3797 466 3859 festo
480 3797 688 3878 appostolorum
700 3797 776 3860 Petri
785 3810 815 3859 et
825 3796 913 3873 Pauli,
923 3795 1234 3876 continenshomagium
1242 3795 1339 3876 ligium

253 3892 397 3972 prestitum
414 3912 464 3974 per
477 3893 597 3956 nobilem
608 3895 752 3959 Atthenols
766 3895 802 3957 de
819 3902 898 3975 Buga
910 3893 977 3955 alias
988 3892 1023 3954 de
1045 3892 1140 3967 Briva,
1157 3891 1242 3953 liliurn
1262 3891 1339 3955 domi

254 3990 364 4072 nymari
377 3991 412 4053 de
424 3991 506 4054 Briva
516 3992 619 4070 militis,
638 3994 718 4058 dom⁰
738 3992 884 4056 Hunberto
901 3989 1033 4072 dalphino
1047 4009 1098 4070 per
1112 3989 1178 4071 (leg.
1195 3990 1238 4071 et)
1252 4009 1339 4053 reco-

294 4211 332 4266 ¹5·
349 4194 387 4248 lin
402 4213 434 4250 m.
451 4194 582 4268 Veyronis.
696 4237 698 4244 .
