2844 4900
541 458 698 536 ..33-

88 588 205 668 homagio
229 589 336 650 domini
368 589 554 666 clarimontis,
574 604 603 653 et
630 593 845 672 assignationem
873 592 974 655 factam
1001 594 1091 657 eidem
1103 613 1154 676 per

87 687 218 749 dominum
233 687 270 750 de
288 689 516 770 recognoscendo
537 689 608 751 inira
622 701 727 751 certum
743 703 853 770 tempus
866 690 921 770 jam
939 691 1046 772 lapsum
1066 694 1156 775 parti-

87 783 206 846 culariter
220 797 249 846 et
266 785 406 861 distincte,
420 786 578 848 conlectum
590 786 642 848 suh
656 805 731 847 anno
748 787 801 848 uni
817 792 1098 850 M⁰CCC⁰XXX1111⁰.
1155 825 1161 832 -

118 899 184 961 4¹9·
203 889 284 958 Item,
301 882 386 963 qued.
404 881 483 946 litere
500 883 602 963 scripte
618 902 691 945 anno
708 883 1018 957 unim⁰cc⁰xuv111⁰‚
1035 897 1074 945 ιιι1
1085 883 1157 964 apri-

86 977 122 1054 ls,
135 978 233 1041 indict.
248 993 291 1054 ve,
308 981 470 1042 Innocentio
484 1001 557 1062 papa
574 987 639 1042 llllo
650 981 724 1061 apud
739 981 905 1060 Lugdunum
920 981 1066 1056 existente,
1085 999 1157 1042 con-

85 1074 194 1137 tinentes
208 1076 369 1158 homagium
383 1090 412 1139 et
427 1077 646 1159 recognitionem
670 1077 752 1140 castri
769 1078 805 1141 de
827 1077 963 1140 Scabeolo
986 1079 1087 1140 iactant
1105 1096 1156 1159 per

6 1207 7 1214 ι
86 1173 218 1236 libertum
233 1187 262 1236 et
276 1174 453 1238 lambertum
471 1175 599 1238 dominos
614 1174 679 1237 dicti
694 1174 747 1237 loci
770 1174 850 1236 dom⁰
869 1174 1001 1256 dalphino
1022 1174 1058 1236 de
1081 1172 1156 1236 dicto

87 1283 167 1332 astro
181 1271 323 1346 Scabeoli,
335 1285 364 1334 et
375 1272 549 1336 continentes
561 1272 655 1352 plures
672 1271 815 1352 pactiones
829 1285 913 1352 prout
925 1271 953 1334 in
966 1272 1047 1335 dictis
1071 1272 1158 1334 literis

88 1368 245 1446 continetur,
262 1369 380 1451 sigillate
395 1370 478 1432 etiam
488 1369 598 1432 duobus
610 1368 743 1450 sigillisin
759 1369 902 1450 pendenti.

120 1484 185 1544 420.
203 1474 286 1543 ltem,
301 1467 388 1548 quod.
403 1467 567 1547 rescriptum
581 1465 764 1548 apostolicum
779 1465 854 1529 bulla
868 1464 998 1546 plumbea
1011 1465 1156 1541 bullatum,

89 1562 191 1624 nissmn
205 1582 258 1644 per
272 1563 349 1625 dom.
366 1583 466 1644 papam
482 1563 653 1626 Clementem
668 1561 746 1623 dom⁰
760 1561 892 1643 dalphino
909 1561 1069 1638 Viennensi,
1088 1582 1159 1626 con-

89 1659 170 1722 tinens
180 1659 326 1742 quomodo
340 1660 488 1722 refferebat
502 1659 579 1720 dom.
595 1678 668 1740 papa
680 1659 760 1720 domo
775 1658 906 1741 delphino
918 1660 994 1741 qood
1010 1661 1159 1742 Templarii

90 1771 158 1820 erant
171 1757 275 1839 reperti
289 1757 414 1834 heretici,
429 1757 601 1838 abnegantes
616 1754 764 1820 Dominum
775 1770 900 1819 nostrum
910 1757 1021 1818 ihesum
1032 1756 1159 1838 llpistum

91 1868 114 1916 et
127 1874 207 1936 super
220 1875 333 1918 crucem
343 1856 402 1934 ejus
411 1868 574 1936 expuentes,
591 1867 619 1915 et
632 1873 714 1934 quam
731 1852 849 1933 plurima
863 1853 983 1934 pessima
1008 1854 1099 1916 celera
1112 1872 1161 1916 eo·

93 1951 212 2015 miserant
225 1953 254 2014 in
269 1951 482 2014 detestationem
492 1950 557 2012 fidei
573 1949 727 2030 xpistiane,
757 1963 840 2030 prout
850 1950 971 2012 confessi
999 1963 1079 2012 erant
1103 1963 1160 2012 tam

94 2049 200 2128 majores
224 2070 308 2131 quam
335 2049 459 2111 minimi¹
490 2047 556 2109 dicti
581 2046 685 2108 ordinis
717 2065 812 2108 coram
836 2047 1023 2109 cardinalibus
1053 2047 1089 2108 ad
1109 2047 1161 2108 hec

95 2164 136 2224 per
145 2145 224 2208 heca
243 2146 312 2209 sede
323 2146 476 2228 apostolica
497 2143 632 2226 delegatis
660 2155 691 2205 et
714 2142 775 2205 aliis
806 2143 1014 2224 inquisitoribus
1039 2142 1161 2207 heretice

94 2242 235 2320 pravitatis,
247 2261 334 2324 quare
349 2242 500 2305 mandabat
513 2241 604 2302 dictus
615 2240 692 2302 dom.
703 2259 775 2321 papa
789 2239 865 2302 dicto
883 2241 959 2302 dom.
985 2239 1118 2321 dalphino
1132 2253 1163 2303 ut

96 2358 180 2402 omnes
192 2341 342 2423 Templarii
354 2359 411 2402 non
423 2339 497 2421 capti
509 2339 537 2400 in
553 2352 627 2400 terra
644 2357 694 2399 sua
704 2350 873 2417 caperentur
888 2349 910 2398 ².

129 2455 161 2516 4²
170 2457 193 2500 ι.
210 2445 290 2514 ltem,
309 2438 396 2518 quod.
409 2437 622 2498 instrumentum
639 2434 773 2514 scriptum
788 2450 871 2496 manu
886 2433 991 2496 alberti
1003 2433 1039 2496 de
1052 2435 1164 2517 Brayda

97 2535 183 2596 notarii
194 2535 287 2616 publ,
318 2535 371 2597 sub
400 2553 474 2597 anno
505 2532 558 2595 Dr'ri
586 2536 802 2606 M⁰CG0XC.V·,
826 2531 853 2593 in
876 2530 970 2612 vigilia
979 2530 1062 2594 beate
1077 2532 1165 2594 hlarie

99 2631 283 2711 magdalenes·
295 2631 441 2694 continens
459 2632 536 2712 quod
563 2630 664 2693 nobilis
688 2629 732 2692 vir
745 2629 864 2692 Guiotus
878 2629 1164 2701 dominusTuntonis

98 2729 248 2810 recognovit
261 2748 293 2790 se
306 2741 402 2791 tenere
412 2742 441 2791 et
454 2728 668 2810 predecessores
684 2745 750 2789 suos
764 2725 886 2803 tenuisse
895 2726 994 2820 xuillam
1017 2726 1053 2788 de
1065 2727 1165 2790 Tincto

98 2839 152 2884 cum
164 2839 223 2888 toto
244 2825 398 2901 territorio,
412 2824 588 2904 juridictione
609 2822 768 2888 omnimoda
794 2837 823 2885 et
846 2822 974 2884 omnihus
988 2819 1166 2903 pertinenciis

99 2919 183 2982 suisin
208 2921 324 2984 feudum
345 2922 470 2982 francum
493 2941 509 2983 a
539 2919 620 2982 domo
647 2919 802 2982 humberto
826 2918 957 3000 dalphino
975 2918 1124 2982 Viennensi
1138 2931 1167 2981 et

100 3015 201 3080 libonis
213 3019 327 3095 comite,
353 3038 405 3100 pro
433 3038 489 3099 quo
506 3017 591 3080 leudo
614 3016 680 3079 fecit
702 3016 860 3096 homagium
875 3015 969 3098 ligium
984 3029 1012 3077 et
1027 3014 1167 3078 fidelitatis

101 3115 206 3192 prestitit
215 3117 400 3197 juramentum
415 3116 489 3178 dicto
503 3115 580 3179 dom.
600 3114 743 3195 dalphino,
759 3113 836 3176 salvo
852 3113 982 3194 homagio
1007 3111 1080 3174 dom¹
1093 3112 1168 3196 regis

103 3214 216 3276 Francis.
721 3256 724 3267 ι

136 3323 198 3383 422.
218 3315 299 3382 ltem,
328 3308 413 3390 qued.
433 3307 512 3370 litera
526 3306 651 3371 officialis
665 3306 802 3370 viennen.
825 3304 929 3386 scripta
949 3305 1002 3368 sub
1025 3323 1099 3368 anno
1115 3303 1168 3366 Dr‘ri

104 3407 349 3468 tt⁰cc0hxxvlll0
368 3419 396 3468 et
418 3405 507 3468 trihus
536 3403 631 3485 sigillis
646 3403 775 3485 sigillata,
790 3403 935 3466 continens
948 3401 1088 3482 quandam
1098 3419 1170 3464 con·

102 3499 213 3562 cordiam
225 3501 327 3564 factam
339 3501 412 3563 inter
421 3499 551 3563 abbatem
571 3500 664 3562 Sancti
677 3500 788 3562 Andree
799 3513 827 3562 et
844 3512 998 3562 conventus
1010 3497 1069 3577 ejus
1083 3497 1170 3563 Vien-

103 3597 186 3660 nensis
200 3612 228 3660 et
241 3597 343 3664 nobilis
357 3598 410 3660 viri
425 3598 564 3662 Drodonis
574 3597 678 3662 domini
699 3596 856 3672 Bellivisus‚
873 3615 957 3678 super
971 3615 1005 3658 eo
1020 3596 1095 3678 quod
1109 3596 1170 3676 ipse
1277 3677 1278 3682 ἵ

105 3694 242 3761 hrodonus
255 3696 400 3758 consessus
414 3696 466 3758 fuit
480 3696 555 3776 quod
573 3695 700 3758 homines
714 3693 870 3758 habitantes
884 3692 913 3756 in
938 3691 1086 3774 Castaneyl
1099 3704 1128 3753 et
1142 3691 1171 3754 in

104 3793 257 3872 Veysonsin
269 3793 468 3856 mandamento
480 3793 515 3856 de
533 3791 720 3863 Bellovidere‚
733 3791 818 3854 videl.
839 3797 873 3852 P.
886 3789 1074 3862 Charhonelli‚
1085 3795 1172 3850 llum·
1242 3819 1244 3826 ·

104 3882 191 3949 bertus
211 3889 245 3951 de
258 3890 336 3951 creis
348 3903 376 3952 er
391 3889 485 3970 plures
498 3889 543 3952 alii
561 3888 688 3950 homines
705 3886 820 3950 indicta
836 3887 915 3950 litera
932 3886 1077 3962 nominati,
1091 3897 1172 3948 erant

109 4177 114 4186 ,
145 4129 165 4190 ι..
179 4117 210 4168 Aa
225 4115 338 4173 minores.
354 4147 388 4156 -
404 4133 428 4171 2.
444 4117 482 4171 Εη
496 4135 531 4174 ιιι.
553 4118 587 4172 Aa
605 4115 711 4190 Copinte
725 4124 782 4170 sunt
796 4113 842 4170 iste
857 4115 939 4172 lictere
953 4123 978 4170 et
993 4113 1057 4170 bulle
1071 4110 1171 4187 papales

110 4196 132 4232 ur
144 4181 202 4239 libro
215 4185 357 4244 intitulato:
373 4185 439 4242 Liber
449 4205 517 4260 super
530 4186 647 4260 aliquibus
661 4185 806 4258 tangentibus
820 4185 968 4242 ιιιιὶνιιιιιὶιιιι
982 4181 1107 4240 eeclesiam.
