2936 4898
725 365 882 473 ,ω’-

264 545 460 628 quietationem
473 544 573 605 iactam
585 543 663 604 dom⁰
675 542 805 623 delphino
823 563 872 624 per
888 543 975 623 ipsam
992 542 1068 604 dom.
1079 543 1282 626 'B(eatricem)‚
1305 543 1339 605 de

263 643 391 706 omnibus
404 642 505 704 debitis
522 655 549 703 et
563 639 778 722 obligationibus
789 641 968 723 pecuniarum
991 641 1019 702 in
1029 641 1129 723 quibus
1155 640 1246 704 dictus
1262 639 1337 702 dom.

263 741 408 822 dalphinus
419 739 509 801 eidem
522 738 632 800 domine
646 751 756 801 tenetur
768 757 816 800 seu
834 738 987 819 reperietur
997 738 1146 819 obligatus,
1173 737 1337 800 condicione

262 835 370 915 adjecta
384 835 407 896 si
416 834 505 915 ipsum
519 834 595 896 dom.
613 833 773 914 dalphinum
788 835 925 897 decedere
937 836 1112 917 contingeret
1125 834 1177 897 sibi
1188 834 1338 897 heredibus

262 947 339 990 asuo
351 948 470 1010 corpore
486 929 638 1009 procreatis
653 931 869 994 remanentibus.

300 1027 549 1108 69.1tem‚qu0d.
574 1027 713 1108 publicum
735 1029 946 1091 instrumentum
970 1043 1112 1110 receptum
1140 1013 1171 1092 et*
1197 1010 1336 1110 signatum

261 1123 387 1184 manibus
404 1123 547 1185 Humberti
563 1123 642 1186 Pilati
657 1138 685 1186 et
698 1125 832 1206 Guigonis
860 1127 999 1188 Frumenti
1024 1127 1194 1188 notariorum
1217 1125 1336 1206 public.,

262 1221 314 1282 sub
328 1239 401 1281 anno
420 1221 498 1281 Dom¹
516 1226 770 1308 nt⁰ccc⁰xu111l0‚
783 1222 828 1284 die
838 1242 868 1282 x·
880 1224 982 1286 mensis
990 1223 1094 1305 aprilis,
1107 1222 1252 1284 continens
1263 1221 1339 1304 quic-

261 1319 393 1381 tationem
410 1319 510 1382 iactam
517 1339 568 1400 per
582 1320 713 1382 illustrem
723 1320 799 1382 dom.
818 1322 1000 1403 B(eatricem)
1015 1322 1050 1382 de
1062 1322 1179 1398 Vienna,
1195 1321 1337 1383 dominam

262 1416 297 1477 de
305 1416 417 1492 arlaco,
434 1416 469 1477 de
485 1418 561 1476 Xllffl
576 1417 743 1478 florenorum
755 1417 783 1478 in
796 1437 861 1480 casu
876 1418 973 1498 inquo
988 1418 1064 1479 dom.
1079 1418 1239 1498 dalphinum
1257 1417 1339 1479 dece

260 1513 327 1575 dere
335 1513 509 1594 contingeret
516 1515 721 1578 remanentibus
734 1514 786 1576 sibi
796 1515 945 1577 heredibus
954 1514 1094 1596 legitimis,
1102 1515 1248 1577 continens
1254 1516 1336 1577 etiam

261 1613 458 1693 obligationem
476 1603 628 1676 castro'rum
649 1615 825 1692 Castillionis‚
846 1622 923 1701 Bone
940 1615 1008 1677 Ville
1025 1631 1052 1677 et
1073 1616 1109 1677 de
1126 1623 1281 1694 Samoenc;
1311 1631 1338 1678 et

261 1724 302 1771 est
312 1710 414 1775 dictum
442 1711 656 1774 instrumentum
671 1711 818 1793 sigillatum
833 1713 860 1774 in
886 1712 1017 1794 pendenti
1045 1712 1133 1793 sigillo
1159 1713 1244 1794 ipsius
1261 1713 1338 1774 dome

262 1807 437 1891 B(eatricis)‚
462 1809 607 1871 continens
622 1809 703 1870 etiam
733 1811 910 1887 donationem
933 1811 1032 1873 factam
1062 1831 1113 1891 per
1131 1797 1234 1872 dictum
1259 1810 1334 1872 dom.

259 1905 420 1986 dalphinum
459 1907 494 1968 de
522 1907 703 1988 septingentis
727 1909 838 1970 llorenis
862 1909 920 1969 auri
944 1908 1071 1988 perpetui
1093 1909 1197 1970 valoris
1223 1908 1336 1990 singulis

259 2003 348 2079 annis,
364 2003 518 2066 asserendis
531 2005 559 2064 in
575 2017 650 2066 terra
675 2004 854 2085 Fucigniacii,
880 2018 962 2085 prout
976 2005 1027 2067 hec
1038 2018 1065 2067 et
1082 2005 1134 2066 alia
1156 2005 1184 2067 in
1198 2004 1273 2068 dicto
1283 2005 1338 2066 ins·

258 2102 596 2166 trumentocontinentur.
864 2085 868 2094 ’

298 2217 347 2274 70.
362 2205 440 2274 item,
458 2200 544 2280 quod.
557 2199 631 2260 aliud
642 2198 782 2279 publicum
791 2198 1002 2261 instrumentum
1018 2198 1175 2260 conlectum
1191 2211 1218 2259 et
1240 2198 1337 2278 signa-

257 2312 314 2360 tum
328 2298 453 2359 manibus
467 2298 603 2361 dictorum
618 2297 803 2376 notariorum,
820 2317 904 2371 anno,
923 2296 1021 2359 indict.
1041 2311 1068 2358 et
1082 2297 1127 2358 die
1138 2295 1237 2377 quibus
1252 2315 1335 2377 supra

258 2395 382 2474 proxime
403 2394 605 2475 sigillatumque
627 2395 656 2455 in
670 2395 801 2475 pendenti
831 2394 920 2475 sigillo
939 2394 1013 2456 dicte
1028 2393 1139 2454 domine
1160 2393 1195 2454 de
1222 2392 1333 2468 Arlaco,

258 2491 403 2552 continens
410 2491 484 2572 quod
499 2491 577 2554 liberi
592 2492 664 2552 domi
685 2479 806 2571 dalphini
830 2491 935 2573 possint
951 2491 1087 2552 redimere
1101 2490 1267 2554 dictosVllc
1281 2491 1335 2550 llo-

259 2606 341 2649 renos
354 2607 471 2662 annuos,
490 2608 540 2669 per
555 2589 645 2669 ipsum
670 2588 745 2649 dom.
769 2588 928 2668 dalphinum
955 2589 1036 2649 datos
1061 2587 1135 2648 dicte
1163 2585 1275 2648 domine
1298 2585 1334 2646 de

183 2755 184 2758 Ἴ
259 2683 409 2762 Ατὶαεοαά,
419 2683 599 2745 hereditatem
609 2698 636 2745 et
646 2684 869 2764 perpetuitatem,
882 2684 1017 2752 solvendo
1027 2682 1100 2744 mille
1113 2684 1234 2744 florenos
1248 2681 1334 2744 semel

259 2801 310 2861 pro
325 2795 436 2852 centum
452 2782 561 2845 annuis.

298 2897 347 2956 71·
364 2887 443 2955 item,
459 2877 546 2960 qdod.
561 2879 633 2940 aliud
663 2879 803 2960 publicum
827 2879 1039 2942 instrumentum
1054 2877 1187 2958 scriptum
1194 2890 1222 2938 et
1236 2876 1333 2956 signa-

257 2988 314 3036 tum
326 2975 452 3038 manibus
467 2977 535 3037 dict.
553 2977 723 3038 notariorum
741 2975 840 3038 eodem
850 2995 923 3038 anno
934 2989 962 3037 et
974 2975 1019 3038 die
1033 2975 1133 3056 quibus
1143 2992 1226 3054 supra
1238 2973 1334 3053 proxi-

182 3062 186 3070 ’
257 3092 312 3147 me,
329 3073 474 3134 continens
490 3073 648 3153 homagium
670 3073 764 3155 ligium
793 3074 936 3155 prestitum
951 3093 1002 3153 per
1016 3073 1116 3135 dictam
1131 3070 1271 3132 dominam
1297 3069 1333 3131 de

209 3157 218 3178 ’
256 3169 356 3231 Arlaco
365 3171 440 3232 dicto
450 3170 526 3231 dom.
546 3170 688 3250 dalphino‚
713 3184 741 3232 et
762 3185 804 3232 est
812 3171 954 3233 sciendum
966 3170 1041 3254 quod
1055 3170 1144 3248 ipsum
1160 3168 1333 3230 instrumen-

256 3280 313 3328 tum
328 3267 378 3329 luit
392 3267 420 3329 in
436 3266 491 3329 line
508 3267 595 3347 ipsius
611 3261 762 3329 laceratum
778 3281 807 3330 et
824 3267 942 3349 sigillum
958 3267 1152 3329 deformatum.

297 3479 346 3538 72.
365 3469 444 3537 item,
458 3463 544 3543 quod.
559 3461 773 3523 instrumentum
788 3459 919 3540 scriptum
930 3473 958 3521 et
968 3459 1105 3540 signatum
1116 3477 1198 3520 manu
1215 3458 1332 3520 Guillel-

257 3547 422 3620 miJornarii
432 3560 532 3621 notarii
545 3560 580 3621 de
594 3559 727 3638 Vorapio,
740 3557 791 3619 sub
806 3577 879 3618 anno
900 3557 1099 3618 lucarnationis
1116 3559 1330 3632 n⁰111⁶xvt11⁰,

256 3654 341 3715 indic.
359 3673 402 3729 u.,
418 3655 463 3715 die
473 3674 512 3719 ur.
527 3655 629 3718 mensis
640 3655 745 3730 marcii,
761 3654 905 3716 continens
918 3653 992 3734 quod
1003 3653 1114 3715 illustris
1124 3652 1240 3731 domina·
1254 3654 1332 3720 dom.

258 3752 370 3813 Beatrix
386 3752 421 3814 de
436 3753 565 3833 Umgaria
581 3753 710 3834 dalphina
734 3750 909 3825 Viennensis,
935 3749 989 3812 filia
1005 3750 1098 3812 inclite
1124 3749 1331 3812 recordacionis

257 3849 330 3910 dom¹
343 3848 436 3909 Karoli
447 3849 562 3910 Martelli
575 3850 648 3931 regis
667 3849 807 3928 Umgarie,
819 3847 903 3909 dabat
913 3847 996 3909 dom‘⁸
1007 3845 1126 3927 Guigoni
1137 3860 1165 3908 et
1177 3847 1330 3908 Humbertu

257 3944 399 4025 delphino,
409 3943 471 4006 filiis
485 3944 551 4018 suis,
566 3965 648 4007 omne
664 3945 706 4024 jus
721 3958 749 4006 et
761 3963 871 4005 omnem
886 3944 1023 4005 actionem
1049 3962 1131 4023 quarn
1153 3943 1275 4005 habebat
1300 3943 1329 4005 in

256 4041 337 4103 bonis
351 4053 379 4103 e't
392 4040 545 4103 hereditate
559 4054 673 4121 patema
685 4055 713 4104 et
722 4055 846 4103 materna
860 4041 919 4120 ipsa
934 4040 1014 4106 dom,
1028 4039 1150 4100 Beatrix.

297 4159 346 4218 73.
360 4148 443 4215 ltem,
461 4137 545 4220 qued.
559 4137 637 4199 litere
652 4151 778 4200 emanare
800 4157 815 4198 a
841 4156 907 4217 rege
928 4136 1097 4198 iherusalem
1111 4135 1287 4198 serenissimo
1301 4134 1329 4195 in
