2844 4900
685 424 839 488 ..ps-

221 557 469 620 emolumentorum
486 555 522 617 de
537 555 681 630 Romanis,
702 555 787 618 videl.
810 555 886 616 dom.
907 553 1114 635 Franc(iscum)
1129 552 1165 614 de
1181 549 1303 624 Thesio,

223 653 400 736 Rodulphum
414 651 449 714 de
462 651 608 727 comeriis,
626 651 774 712 Girardum
790 651 826 712 de
842 651 979 714 Temiaco
993 649 1106 712 militem
1121 662 1150 711 ct
1161 645 1306 731 quosdam

220 750 302 813 alios.

261 865 331 926 43¹·
347 851 426 921 Item,
443 841 528 924 qued.
542 843 620 906 litera
633 843 662 906 in
685 843 818 924 pendenti
837 844 954 926 sigillata
969 844 1058 926 sigillo
1075 843 1149 906 dom¹
1164 841 1309 922 Golgonis

221 942 344 1026 dalphini
360 942 491 1017 condam,
506 941 607 1022 scripta
618 949 693 1002 x1111⁰
702 941 815 1004 kalend.
826 940 1002 1019 madii,anno
1013 940 1067 1003 Diri
1076 943 1307 1014 mvcc0xL1110,

220 1040 318 1103 indict.
334 1052 367 1115 1³,
383 1037 529 1100 continens
542 1036 617 1118 quod
631 1037 708 1099 dom.
725 1036 871 1118 dalphinus
895 1037 1036 1118 predictus
1054 1037 1120 1099 lecit
1140 1035 1309 1116 homagium

222 1137 302 1199 dom⁰
319 1134 529 1214 archiepiscopo
544 1133 733 1216 (viennensi),
750 1152 801 1214 pro
818 1153 848 1196 se
863 1146 890 1196 et
900 1134 1012 1202 nomine
1026 1134 1091 1196 dicti
1107 1132 1225 1214 capituli
1237 1132 1312 1194 reci·

222 1232 320 1316 pienti,
336 1245 365 1295 et
380 1231 416 1293 ab
430 1230 530 1292 eodem
554 1231 717 1311 recognovit
742 1243 839 1292 tenere
865 1231 1025 1293 comitatum
1046 1231 1239 1293 viennensem
1264 1229 1312 1310 qui

224 1330 306 1392 durat
318 1328 354 1391 ab
368 1328 485 1390 ecclesia
500 1327 594 1390 Sancti
607 1327 743 1390 vincentii
757 1327 828 1390 ultra
851 1329 1001 1409 vorapium
1017 1327 1159 1390 interduo
1191 1325 1312 1388 llumina

226 1425 335 1488 Rodani
348 1438 376 1487 et
387 1423 512 1486 vsarein
529 1425 642 1505 longum
671 1437 700 1486 et
721 1425 817 1500 latum,
835 1425 968 1507 cujusque
982 1426 1017 1489 sit
1031 1425 1161 1500 diocesis,
1177 1437 1210 1486 et
1237 1423 1312 1484 ultra

227 1523 373 1585 Rodanum
387 1540 437 1601 per
450 1534 537 1584 totam
554 1521 687 1584 diocesim
701 1522 808 1584 vienne
818 1543 906 1605 usque
922 1524 957 1584 ad
971 1524 1062 1585 locum
1078 1522 1124 1604 qui
1147 1520 1313 1602 appellatur

227 1620 335 1682 Furche
351 1619 387 1680 de
402 1618 502 1694 Podio,
519 1618 566 1699 qui
580 1618 658 1680 locus
673 1617 771 1681 dividit
793 1619 986 1700 Agniciensem
1001 1619 1133 1682 diocesim
1153 1637 1169 1679 a
1202 1617 1313 1679 diocesi

226 1716 386 1792 Viennensi,
400 1716 466 1778 item
482 1714 548 1777 fecit
569 1714 728 1796 homagium
743 1728 867 1795 prototo
896 1730 988 1778 castro
1003 1715 1039 1778 de
1055 1714 1203 1778 Malavalle
1233 1714 1314 1795 quod

224 1816 338 1879 tenebat
354 1813 490 1878 reddibile
512 1813 549 1875 ab
575 1813 796 1894 archiepiscopo,
824 1813 891 1876 item
917 1813 1032 1876 tenebat
1062 1825 1183 1875 castrum
1215 1812 1315 1874 Sancti

226 1910 348 1996 Quintini
362 1911 434 1973 ultra
448 1917 564 1972 Yseram
581 1930 598 1971 a
614 1911 693 1972 d0m⁰
709 1911 931 1994 archiepiscopo,
955 1926 984 1974 et
1004 1910 1168 1973 castellanus
1191 1908 1315 1970 Albonis

225 2009 304 2072 altari
320 2008 413 2070 Sancti
429 2007 549 2069 Mauritil
562 2007 668 2070 vienne
683 2009 807 2090 quolibet
818 2029 891 2072 anno
908 2010 936 2070 in
952 2008 1043 2088 vigilia
1060 2007 1121 2069 festi
1135 2006 1204 2068 dicti
1221 2005 1314 2068 sancti

225 2106 347 2170 debebat
361 2106 462 2167 oilerre
481 2124 488 2166 1
505 2123 616 2167 cereum
631 2105 840 2168 seucandelam
857 2125 895 2168 xn
911 2106 1041 2167 librarum
1056 2122 1130 2167 cere.

265 2221 335 2284 432·
363 2211 442 2277 Item,
467 2202 554 2283 quod.
579 2202 791 2264 instrumentum
809 2202 885 2283 publ.
903 2201 1060 2264 coniectum
1092 2205 1173 2262 manu
1210 2201 1314 2263 Jacobi

226 2299 368 2364 Chaurerii
383 2298 483 2362 notarii
507 2299 586 2379 publ.
605 2313 634 2361 et
652 2300 790 2381 signatum
805 2319 887 2362 manu
899 2301 976 2363 Petri
992 2299 1145 2380 Borgorelli
1161 2311 1241 2375 not,
1260 2297 1314 2361 sub

224 2417 298 2460 anno
312 2403 421 2457 lncarn.
438 2396 525 2458 Dirice
539 2403 806 2474 M⁰CC⁰LXXXlll⁰,
821 2397 918 2460 indict.
936 2411 989 2474 xre,
1003 2396 1092 2478 pridie
1104 2395 1166 2456 idus
1180 2396 1313 2476 augusti,

224 2495 370 2557 continens
383 2493 412 2554 in
422 2493 550 2554 omnibus
565 2495 747 2573 etperomnia
762 2495 920 2575 homagium
931 2508 958 2557 et
965 2493 1184 2574 recognitionem
1201 2493 1314 2554 dudum

223 2593 324 2654 iactam
342 2610 392 2672 per
404 2591 479 2651 dom.
498 2591 681 2652 Humbertum
697 2591 891 2673 (dalphinum)
902 2592 1087 2654 Viennensem
1105 2587 1315 2672 dominumque

226 2688 262 2750 de
273 2693 373 2762 Turre,
391 2687 537 2749 comitatus
552 2686 658 2748 vienne
668 2699 695 2748 et
711 2688 830 2767 plurium
843 2701 996 2750 castrorum
1007 2689 1085 2749 dom⁰
1095 2686 1316 2769 archiepiscopo

226 2785 344 2860 vienne,
356 2798 438 2865 prout
453 2783 481 2845 in
493 2784 553 2865 ipso
568 2785 750 2846 instrumento
771 2786 929 2848 continetur
945 2799 973 2849 et
987 2797 1070 2866 prout
1082 2785 1110 2844 in
1120 2783 1207 2845 literis
1226 2805 1316 2866 supra

224 2882 350 2965 proxime
365 2880 517 2962 designatis
534 2882 702 2957 continetur,
727 2883 802 2962 quod
825 2883 1038 2944 instrumentum
1055 2881 1205 2962 sigillatum
1222 2895 1268 2944 est
1285 2882 1316 2943 in

224 2977 356 3061 pendenti
370 2976 464 3058 sigillis
478 2977 615 3039 dictorum
633 2977 681 3040 dd.
696 2978 896 3060 archiepiscopi
910 2993 939 3041 et
951 2978 1084 3059 dalphini.

230 3119 232 3126 -
265 3095 336 3156 433.
356 3082 435 3150 ltem,
454 3074 540 3156 quod.
556 3074 768 3137 instrumentum
789 3075 866 3156 publ.
891 3075 1049 3137 conlectum
1071 3093 1154 3136 manu
1172 3074 1316 3137 lobannis

228 3174 352 3237 Pastoris
368 3187 442 3251 not.,
460 3173 645 3254 subscriptum
659 3187 687 3235 et
702 3173 840 3253 signatum
852 3172 979 3236 manibus
989 3187 1017 3236 et
1027 3173 1113 3254 signis
1123 3172 1190 3234 dicti
1206 3175 1317 3236 notarii

227 3285 256 3334 et
282 3271 420 3334 Guillelmi
443 3271 502 3332 del·
518 3277 586 3349 Bos,
611 3270 754 3333 Michaelis
776 3271 952 3345 vercomani‚
978 3270 1110 3333 iohannis
1136 3269 1172 3330 de
1196 3271 1315 3347 Avelio,

227 3368 374 3432 Bertrandi
386 3368 422 3430 de
437 3368 598 3443 Chamiaco,
617 3368 753 3430 Henricus
770 3368 895 3444 Guarini,
913 3368 989 3430 Petri
1002 3367 1123 3429 Anselmi
1134 3367 1316 3430 notariorum

227 3465 344 3547 public,
356 3467 501 3529 continens
514 3465 608 3546 plures
622 3478 700 3527 actus
714 3478 742 3527 et
750 3464 1001 3528 tractatushabitos
1013 3467 1317 3546 superpermutatione

228 3564 383 3626 medietatis
400 3564 463 3626 ville
478 3565 514 3626 de
529 3564 661 3625 Romanis
678 3576 706 3624 et
714 3563 789 3643 ipsas
803 3563 1026 3643 permutaciones
1044 3563 1132 3624 lactas
1145 3581 1197 3643 pro
1216 3578 1316 3626 castro

228 3661 263 3723 de
291 3661 417 3723 hvisanis
446 3661 481 3722 ad
514 3661 616 3722 dictam
645 3660 832 3736 medietatem,
856 3674 883 3722 et
900 3660 974 3742 quod
989 3680 1061 3740 papa
1075 3660 1225 3725 tenebatur
1241 3662 1316 3724 dare

228 3757 306 3821 dom⁰
321 3759 452 3839 delphino
467 3761 543 3819 xilv
561 3760 693 3820 llorenor.
710 3758 769 3819 auri
783 3777 835 3838 pro
849 3757 1042 3840 plurivalentia
1059 3759 1142 3820 castri
1156 3757 1286 3822 Avisani.

268 3873 337 3936 434.
357 3862 437 3931 ltem,
454 3855 539 3938 quod.
551 3857 628 3938 publ.
638 3858 850 3919 instrumentum
859 3858 1015 3920 conlectum
1025 3877 1107 3918 manu
1117 3856 1263 3918 vincencii
1277 3858 1316 3922 de

228 3953 367 4035 Cognerio
378 3965 407 4014 et
419 3953 478 4031 ejus
492 3953 571 4034 signo
586 3954 723 4034 signatum
738 3973 771 4016 ac
783 3954 920 4034 signatum
934 3968 962 4016 et
972 3954 1164 4034 ¹subscriptum
1180 3953 1316 4017 manibus

229 4051 304 4114 Petri
320 4052 356 4113 de
374 4059 463 4134 Pupa,
478 4052 608 4114 Anthonii
623 4053 658 4114 de
673 4059 762 4115 Cruce
775 4066 804 4115 et
818 4052 975 4114 Ysmidonis
992 4053 1027 4116 de
1045 4060 1168 4115 Lavautz
1182 4055 1317 4136 notario-

228 4167 288 4212 rum
303 4150 420 4232 public.,
436 4149 581 4212 continens
590 4150 728 4214 etfaciens
742 4151 914 4214 mencionem
938 4169 1022 4231 super
1031 4169 1163 4231 processu
1178 4150 1214 4214 de
1233 4151 1315 4215 lacto
