2844 4900
498 469 676 529 -top-
758 455 763 464 '

75 583 151 644 tineus
164 583 315 664 homagium
331 585 423 664 ligium
440 597 470 646 et
491 583 714 665 recognicionem
737 583 817 646 lactis
834 584 914 646 donr⁰
928 585 1059 665 delphino
1073 603 1123 666 per

75 678 211 758 nynurdum
225 679 260 740 de
274 680 351 742 Bella
361 679 478 757 comba,
494 693 522 742 et
533 680 697 760 recognovit
706 679 800 743 omnis
813 699 866 762 que
879 693 985 745 tenete
999 681 1078 744 dom⁰
1094 694 1122 746 et

74 774 242 838 nichilominus
257 777 309 838 luit
322 777 373 838 sibi
387 777 544 858 assignatus
558 777 692 839 terminus
702 777 738 838 ad
748 776 855 857 plenius
864 776 1122 857 recognoscendum

75 871 250 948 particulariter
264 886 292 935 et
308 870 436 935 distincte
447 885 467 934 ¹.

108 985 163 1044 57¹·
184 975 260 1043 Itan,
278 971 364 1051 qued.
388 971 483 1034 liccem
507 970 624 1052 m'gilleta
639 969 668 1034 in
689 969 833 1052 pendenti,
855 968 958 1051 scriptu
974 967 1028 1032 sub
1046 987 1122 1032 enno

74 1063 116 1123 uhi
136 1071 287 1141 M⁰CCC¹⁸⁰,
313 1067 458 1130 continens
480 1067 555 1149 quod
582 1068 714 1149 magister
739 1068 880 1130 lohannes
906 1067 943 1129 de
967 1066 1121 1130 Gonoelino

72 1160 144 1240 major
159 1164 340 1228 confitebatur
353 1165 482 1226 habuisse
502 1178 531 1226 et
545 1165 685 1244 recepisse
704 1187 719 1226 a
735 1166 814 1226 dom²
829 1165 959 1246 delphina
973 1165 1121 1230 Viennensi

72 1257 184 1321 hlibrss
204 1261 387 1342 dalphinales‚
411 1262 439 1323 in
460 1261 560 1342 quibus
579 1261 670 1325 eidem
692 1263 767 1325 dicta
787 1262 899 1326 domina
920 1263 1068 1328 tenebatur
1087 1283 1122 1327 ex

70 1371 137 1417 causa
149 1357 318 1420 vendicionis
330 1358 396 1421 lacti
410 1358 446 1420 de
461 1358 589 1440 hybeno.

104 1471 158 1530 572·
182 1461 261 1531 ltem,
284 1454 321 1516 al.
341 1456 552 1517 instrumentum
578 1455 618 1536 (ut
644 1455 726 1537 570),
751 1455 797 1518 die
816 1474 844 1518 xi
864 1475 953 1520 meru.
978 1457 1120 1535 febroarii,

69 1550 192 1613 continens
207 1552 368 1633 homagium
391 1552 485 1633 ligium
504 1552 648 1632 prestitum
671 1571 723 1632 per
743 1552 917 1615 Guillelmum
939 1553 975 1616 de
994 1553 1122 1616 Chauro-

70 1667 131 1726 geres
142 1650 217 1712 dom⁰
232 1650 366 1732 delphino
378 1652 438 1714 sine
450 1651 653 1732 assignacione.

102 1762 156 1825 573.
178 1755 259 1825 Item,
284 1749 370 1830 quod.
391 1749 469 1830 publ.
491 1749 704 1811 instrumentum
726 1748 764 1830 lut
789 1749 867 1830 570),
891 1749 937 1812 die
953 1761 1015 1811 viru
1029 1767 1118 1814 mens.

68 1841 169 1921 januarii,
184 1845 333 1908 continens
352 1846 509 1927 homagium
527 1845 622 1926 ligium
642 1846 787 1927 prestitum
803 1865 854 1926 per
871 1852 984 1910 Petrum
1003 1845 1038 1908 de
1052 1853 1122 1908 Am-

68 1936 123 2000 hello
142 1940 218 2004 domo
239 1943 426 2022 dalphinoaet
447 1941 559 2005 tennin.
585 1943 636 2006 sibi
663 1943 832 2024 assignatum
857 1943 892 2006 ad
919 1942 1121 2024 particulariter
1211 1971 1215 1990 ·

67 2039 314 2118 recognoscendum,
332 2042 407 2122 quod
419 2061 476 2104 non
489 2041 564 2110 fecit,

98 2151 153 2213 574·
172 2143 251 2213 Item,
272 2138 358 2218 quod.
375 2139 412 2201 al.
434 2141 512 2221 publ·
527 2144 741 2206 instrumentum
757 2137 796 2219 (ut
818 2137 897 2219 570),
914 2135 959 2199 die
973 2148 1014 2198 ura
1027 2154 1117 2199 ruens.

66 2227 168 2307 unsara,
189 2234 339 2298 continens
362 2237 519 2318 homagium
541 2240 635 2322 ligium
652 2236 796 2319 prestitum
818 2234 898 2296 domo
917 2233 1048 2314 delphino
1069 2251 1120 2314 per
1248 2213 1251 2222 ’

67 2329 158 2389 Petrum
171 2331 318 2413 Goymudi
330 2346 360 2395 et
374 2334 558 2398 terminum...

98 2441 152 2505 575.
172 2435 253 2505 ltem,
273 2429 359 2510 quod.
382 2431 460 2511 publ.
484 2433 696 2496 instrumentum
715 2447 797 2492 manu
814 2428 947 2491 lohannis
960 2429 996 2490 de
1017 2433 1118 2492 saneto

66 2519 168 2586 Dionisio
189 2539 351 2607 receptum,
378 2529 430 2590 sub
451 2549 523 2592 anno
548 2531 601 2592 Dni
627 2535 825 2603 tntccctvw,
850 2527 895 2589 die
915 2537 1000 2587 nevent
1016 2526 1119 2588 mensis

64 2618 147 2698 aprilis,
172 2624 319 2688 continens
343 2625 500 2707 homagium
529 2629 623 2710 ligium
647 2626 791 2709 prestitum
814 2623 892 2687 dom⁰
916 2623 1047 2706 dalphiuo'
1068 2643 1118 2705 per

63 2714 122 2779 dom.
137 2709 250 2782 Petrum
264 2722 382 2800 lsoardi,
398 2722 538 2787 dominum
553 2726 650 2807 d’hys.

97 2814 152 2890 576.
171 2823 252 2894 Item,
277 2818 313 2879 al.
338 2818 549 2884 instrumentum
572 2821 705 2902 scriptum
724 2837 807 2880 manu
826 2818 900 2880 Petri
920 2817 1046 2894 Asselini
1065 2815 1118 2880 sub

63 2927 120 2972 uino
143 2913 194 2975 Drhi
219 2917 416 2991 mttlcuxhtu,
439 2937 457 2978 x
479 2917 592 2981 kalend.
616 2917 720 3000 aprilis,
743 2916 889 2979 continens
911 2916 986 2997 quod
1008 2913 1118 2977 Rodul-

64 3005 119 3082 phus
131 3009 165 3071 de
179 3011 302 3094 Theysio
315 3013 440 3076 vendidit
460 3015 538 3076 dom⁰
553 3023 638 3078 Petro
652 3013 778 3076 huruscii
793 3012 968 3076 medietatem
982 3031 1034 3091 pro
1047 3010 1119 3072 indi·

63 3101 111 3164 viso
131 3105 227 3169 domus
245 3109 348 3172 Montis
372 3110 462 3174 Fortis
478 3131 541 3174 cum
562 3112 678 3174 sedum&
700 3124 729 3174 et
749 3107 925 3190 pertinenciis
946 3107 1043 3188 ipsius,
1066 3106 1117 3169 site

63 3197 230 3279 hpamochia
252 3205 288 3266 de
304 3206 414 3283 Crollis,
435 3221 463 3270 et
478 3209 646 3290 generaliter
662 3207 753 3270 omnia
773 3225 827 3288 que
844 3205 964 3268 habebat
981 3225 998 3266 a
1013 3204 1116 3268 structa
1167 3226 1171 3232 ·

62 3313 132 3376 usque
142 3300 217 3380 apud
234 3301 452 3384 Grationopolim
466 3306 536 3368 citra
547 3313 673 3380 Yseram,
690 3303 786 3386 precio
799 3305 846 3364 Vm
853 3301 967 3366 solidor.
979 3299 1114 3366 viennen.

96 3412 152 3472 577.
169 3403 247 3475 Item,
263 3399 316 3460 tria
331 3399 442 3480 publica
455 3402 635 3466 instrumenta
651 3403 753 3484 scripta
767 3420 851 3464 manu
867 3399 942 3462 Petri
958 3398 1074 3462 Asselini
1088 3399 1116 3464 iu

62 3508 104 3552 una
116 3485 196 3573 pelle,
214 3497 267 3559 suh
282 3516 356 3561 anno
371 3500 426 3562 Dr'ri
437 3507 632 3576 M0110LXXV‚
650 3521 768 3582 quorum
780 3497 1117 3582 primumvcontinetven-

61 3585 181 3652 dicionem
196 3593 296 3656 luctam
315 3614 367 3676 per
388 3603 501 3659 Petrum
519 3598 555 3659 de
568 3605 696 3660 Grunenc
716 3597 753 3660 de
772 3605 836 3659 ιιιι01
853 3593 974 3658 sestariis
987 3585 1116 3658 humenti

60 3701 156 3764 census,
174 3691 323 3753 secundum
338 3692 463 3756 continet
478 3694 636 3775 homagium
649 3694 752 3755 factum
767 3692 1004 3774 perNantelmum
1016 3691 1117 3754 Suchet
1221 3685 1224 3692 ’

59 3777 122 3842 dicto
141 3784 215 3848 donn.
239 3795 335 3867 Petro,
358 3790 475 3877 tercium
497 3811 565 3853 vero
581 3790 705 3853 continet
718 3789 951 3870 permutationem
965 3791 1065 3854 factam
1081 3790 1116 3852 de

57 3881 166 3957 quodam
178 3900 255 3964 prato
268 3887 344 3950 dicto
358 3887 471 3950 domino
487 3908 537 3971 per
556 3888 711 3970 Guigonem
726 3887 866 3950 Roboudi.

93 3979 155 4055 578.
183 3987 261 4060 ltem,
278 3984 365 4064 quod.
391 3985 468 4066 publ.
492 3984 703 4048 instrumentum
728 3983 861 4064 scriptum
881 4003 964 4046 manu
986 3984 1118 4054 lohannit

90 4194 110 4246 ς.
125 4180 179 4234 Noa
193 4182 317 4242 Sciendum
332 4186 398 4261 quod
413 4185 494 4242 dictus
508 4187 558 4258 Ay.
576 4197 631 4244 erat
644 4195 716 4260 patu
730 4187 808 4263 petris
821 4189 888 4248 dorm
902 4187 1019 4246 Bruuclli.
