2842 4900
716 445 896 508 ..2⁶2-

1408 511 1409 538 l

264 583 402 648 dilectottt
413 583 632 648 vetutffletmr
642 580 733 644 libras
745 575 877 642 rnsolid.
887 594 920 638 in
934 573 1033 638 denar.
1040 571 1080 635 'de
1087 571 1225 635 viennen.
1240 569 1267 631 in
1277 567 1332 650 qui·
1408 579 1409 660 j

264 683 317 746 bus
325 681 434 746 eisdem
451 681 600 745 tendantur
617 680 699 743 dom·
707 677 853 742 numidam
878 693 931 756 pro
951 670 1065 755 gageria
1078 670 1114 732 de
1138 676 1284 752 verseyet
1304 666 1335 728 de

265 781 359 858 Clusa,
376 795 404 844 et
416 781 451 843 de
461 780 520 861 ipsa
533 779 651 861 pecunia
667 799 750 861 quam
775 776 848 840 dicta
858 774 935 836 dom.
952 779 987 834 Β.
1000 769 1126 834 traderet
1140 767 1214 830 dicto
1235 765 1335 828 ¹oberto

264 878 331 942 dicti
341 877 443 941 iratres
457 876 584 940 eamdem
598 877 767 958 quittabant.

309 993 395 1056 ¹477·
411 981 492 1051 nem
508 974 586 1056 quid.
603 993 723 1056 magnus
735 971 841 1036 rotulus
851 983 911 1034 tam
925 968 954 1032 in
970 984 1141 1050 pergameno
1155 983 1236 1048 quam
1248 961 1336 1046 papiro

203 1099 204 1102 ¹
254 1074 396 1161 scriptus,
412 1072 558 1137 continens
571 1071 677 1136 litteras
690 1067 896 1134 confessionum
909 1082 937 1131 et
950 1079 1126 1148 receptorum
1139 1063 1258 1146 computi
1270 1061 1335 1124 dom¹

267 1169 413 1234 Humberti
439 1170 476 1233 de
490 1169 629 1252 Chaulay,
659 1168 745 1252 baylli
763 1181 838 1230 terre
866 1163 1041 1248 Fucigniaci,
1070 1161 1172 1226 redditi
1198 1178 1266 1223 anno
1286 1158 1335 1222 uni
1408 1221 1409 1244 p

267 1271 466 1344 nutrcxxm,
483 1267 567 1330 meeis
581 1265 750 1348 septenbris.

311 1365 396 1444 1478.
413 1371 495 1441 item,
508 1365 595 1446 qued.
607 1363 698 1427 littera
706 1362 817 1426 duobus
829 1357 1098 1443 dgillisinpendenti
1108 1355 1237 1438 sigillata,
1246 1353 1336 1435 scripta

266 1462 318 1525 sub
333 1481 406 1524 anno
422 1461 476 1523 nni
494 1467 576 1524 hiliic
590 1474 705 1542 ocwag0
721 1468 769 1537 vt,
793 1459 938 1523 continens
951 1453 1182 1537 compositionem
1197 1466 1225 1516 et
1235 1469 1338 1515 concor·

266 1557 339 1620 diam
353 1557 441 1621 iactas
454 1557 527 1622 inter
543 1558 619 1620 dom.
632 1556 818 1640 B(eatricem)
832 1555 974 1619 dominam
990 1549 1151 1632 Fucigniaci
1167 1570 1203 1613 er
1218 1569 1270 1612 una
1281 1568 1337 1630 par·
1408 1551 1409 1610 3

203 1651 206 1657 ’
266 1667 295 1716 te
314 1667 344 1717 et
368 1654 446 1718 dom.
477 1655 631 1718 Amedeum
654 1655 784 1717 comitem
809 1651 948 1716 sabaudie
968 1670 1003 1714 ex
1021 1649 1118 1726 altera,
1139 1667 1223 1728 super
1235 1644 1337 1709 heredi·
1408 1645 1409 1666 ¹

266 1766 323 1814 tate
341 1752 415 1814 dom¹
433 1752 509 1815 Petri
536 1752 645 1815 comitis
669 1750 807 1814 sabaudie
827 1763 855 1812 et
869 1747 994 1832 pluribus
1019 1745 1078 1810 aliis
1095 1745 1235 1810 contentis
1249 1745 1275 1806 in
1285 1743 1337 1824 ipsa

266 1849 368 1912 littera.
1408 1851 1409 1860 ¹

312 1963 426 2030 1479-a.
440 1946 607 2030 ttem‚quid.
624 1945 731 2009 rotulus
743 1946 901 2009 licterarum
909 1941 1110 2006 continentium
1118 1939 1194 2023 quod
1201 1936 1336 2002 domdrl·
1408 1937 1409 1968 l

267 2043 367 2126 phinus
385 2044 525 2108 concessit
537 2043 628 2107 ordini
641 2044 676 2107 de
691 2043 875 2126 Reposatorio
890 2041 965 2124 quod
983 2040 1070 2122 possit
1090 2058 1183 2101 emere
1195 2055 1275 2119 super
1284 2035 1337 2097 leu-
1408 2057 1409 2112 ς

226 2195 229 2202 ,
267 2142 304 2204 do
318 2161 370 2204 suo
383 2160 411 2204 vr
429 2143 523 2204 modia
537 2141 668 2204 humenti
686 2159 789 2204 census
801 2160 810 2220 ;
825 2139 877 2202 alie
890 2132 960 2201 uero
973 2137 1064 2200 littere
1077 2135 1222 2199 continent
1232 2131 1336 2196 solutio—

267 2258 317 2301 nes
342 2241 459 2320 pecunie
472 2241 560 2303 factas
585 2239 663 2301 dom⁰
677 2239 811 2321 episcopo
828 2237 975 2300 Tiburtino
987 2235 1024 2297 de
1037 2232 1133 2296 valore
1147 2231 1239 2315 sigilli,
1256 2224 1336 2292 laudi-

266 2337 386 2400 saiorum
402 2350 430 2400 et
444 2337 636 2414 venditionum
645 2350 720 2400 terre
735 2335 907 2417 Fucigniaci.
1408 2389 1409 2420 p

311 2437 396 2516 1480.
414 2443 493 2513 ltem,
507 2436 594 2519 quod.
609 2435 729 2498 vidimus
758 2436 891 2516 scripturn
910 2453 962 2517 per
977 2432 1163 2497 Raimundum
1173 2463 1177 2470 ·
1187 2430 1223 2492 de
1245 2426 1336 2490 Piloet

266 2533 453 2614 subscriptum
468 2551 552 2596 manu
571 2534 646 2597 Petri
662 2533 792 2616 Goyriaci
804 2546 835 2596 et
849 2552 932 2595 manu
954 2532 1057 2595 Humb¹
1073 2530 1185 2607 acardi,
1202 2527 1253 2590 sub
1274 2541 1336 2588 anno
1408 2521 1409 2594 J

269 2632 323 2693 nni
339 2631 687 2708 M⁰111cxxxv1⁰‚indict.
703 2640 745 2707 vr,
760 2630 805 2693 die
817 2630 928 2692 veneris
939 2643 1004 2712 post
1017 2627 1134 2692 octabas
1150 2626 1178 2689 b*
1190 2621 1333 2695 ,michaele
1408 2615 1409 2692 ἰ

234 2732 241 2738 “
263 2727 412 2790 continens
435 2741 561 2791 tenorem
589 2728 698 2808 cujusd.
726 2727 816 2791 littere
830 2747 964 2791 concesse
977 2747 1029 2810 per
1045 2727 1121 2788 dom.
1135 2717 1337 2806 H(umbertun)
1408 2705 1409 2748 Ὗ

267 2823 427 2905 dalphinum
437 2823 515 2886 dom⁰
530 2831 568 2887 Η.
578 2827 616 2888 de
623 2831 714 2888 Cruce
726 2825 762 2889 de
776 2824 992 2888 confirmacione
1001 2823 1092 2887 eidem
1104 2823 1181 2885 dom.
1195 2819 1337 2882 Humbeno
1408 2839 1409 2880 i

266 2921 339 2985 lacta
353 2940 437 3003 super
448 2922 533 3004 quad.
549 2923 638 2986 littera
650 2943 704 3005 que
719 2923 820 2986 dicitur
833 2943 941 2986 annena
956 2923 1030 2986 dicte
1042 2918 1262 2996 confirmacioni,
1276 2935 1337 2980 con·
1408 2989 1409 3012 Χ

264 3019 356 3084 tinens
372 3020 460 3084 eciam
477 3020 655 3084 donationem
671 3022 773 3085 iactam
789 3041 841 3103 per
864 3022 969 3084 dictum
991 3021 1069 3083 dom.
1084 3018 1248 3100 dalphinum
1273 3017 1338 3078 dicto
1408 3013 1409 3038 ¹

266 3117 342 3181 dom.
363 3125 400 3182 ll.
422 3120 458 3181 ad
480 3119 564 3183 vitam
579 3139 657 3190 suam
670 3119 706 3182 de
718 3120 804 3183 tercia
818 3133 898 3201 parte
911 3119 1101 3183 laudationum
1115 3131 1143 3180 et
1156 3116 1337 3180 venditionum

265 3217 452 3280 mandamenti
483 3217 586 3280 Montis
610 3217 712 3281 Gaudii
727 3231 755 3280 et
767 3218 796 3280 in
810 3218 956 3300 parrochia
974 3216 1068 3280 Sancti
1086 3216 1240 3294 Gervassii‚
1257 3211 1338 3278 Sancti
1408 3239 1409 3290 p

266 3315 394 3400 Nycolay
403 3316 443 3378 de
455 3316 571 3379 veracia
592 3328 620 3379 et
636 3322 722 3380 Beate
738 3316 825 3378 llarie
844 3315 880 3377 de
895 3316 1009 3398 Gorgia.
1408 3327 1409 3338 ¹

309 3413 394 3492 1481.
410 3420 491 3490 ltem,
503 3413 594 3496 quod.
609 3413 730 3476 vidimus
744 3413 878 3494 scriptum
891 3432 975 3476 manu
991 3414 1081 3478 Roleti
1095 3412 1197 3495 Pugini
1212 3409 1339 3474 notariiet
1408 3397 1409 3472 Ϊ

264 3508 451 3592 subscriptum
460 3531 544 3573 manu
558 3511 634 3574 Petri
648 3511 761 3574 valterii
776 3525 805 3575 et
821 3531 904 3575 manu
922 3513 1059 3576 Guillelmi
1084 3510 1225 3595 Luysserii
1240 3510 1275 3572 de
1287 3507 1339 3570 Clu·
1408 3551 1409 3602 3

264 3605 313 3685 sis,
329 3607 381 3670 sub
395 3628 469 3671 anno
485 3609 539 3672 Dr‘ri
555 3616 765 3687 hl⁰lll⁰XX1X⁰,
784 3610 830 3672 die
843 3629 881 3672 xv
895 3611 1000 3673 mensis
1016 3610 1091 3686 maii,
1108 3610 1256 3673 continens
1269 3621 1339 3671 teno-
1408 3647 1409 3672 t

264 3723 322 3767 rem
336 3705 445 3786 cujusd.
461 3706 551 3769 littere
567 3706 603 3768 ad
618 3707 731 3768 modum
746 3706 865 3768 vidimus
879 3707 952 3771 facte
967 3727 1017 3789 per
1031 3705 1177 3769 officialem
1195 3707 1336 3778 viennen,
1379 3762 1381 3765 .
1408 3723 1409 3764 t

263 3801 292 3865 in
303 3803 475 3884 quaquidem
486 3803 558 3866 inter
567 3803 1012 3885 ceteracontineturquodLeona
1020 3803 1132 3866 domina
1142 3802 1240 3879 delae,
1251 3810 1339 3864 Petrus
1408 3805 1409 3822 ¹

263 3913 292 3963 et
306 3900 511 3964 Guillelmusde
524 3909 582 3976 las,
597 3900 644 3962 lilii
654 3901 728 3964 bone
740 3901 874 3963 memorie
888 3901 963 3964 dom¹
975 3901 1105 3985 symonis
1114 3900 1221 3962 donnini
1228 3898 1338 3962 condam
1408 3931 1409 3954 t

263 3997 299 4061 de
311 4005 368 4072 las,
384 3999 504 4062 confessi
515 3999 626 4062 luerunt
639 3999 667 4062 in
680 3999 944 4063 summadebereill
956 3999 1035 4062 dom.
1052 3998 1203 4081 B(eatrici)
1219 3998 1339 4079 dalphine
1408 4067 1409 4086 χ

264 4095 424 4178 Fucigniaci
451 4100 512 4160 vlm
526 4098 658 4161 librarum
676 4098 825 4176 viennen,
849 4117 901 4180 pro
916 4097 1017 4180 quibus
1039 4097 1154 4180 quilibet
1182 4097 1304 4180 ipsorum
1315 4095 1339 4156 in
1408 4103 1409 4182 j

263 4194 382 4259 solidum
396 4194 571 4260 tradiderunt
584 4196 681 4260 nomin
689 4197 832 4280 epignotis
846 4216 895 4261 seu
910 4196 1050 4280 ypothece
1061 4195 1152 4260 eidem
1163 4195 1193 4259 d.
1209 4195 1339 4260 comhisse
1408 4185 1409 4210 ¹
