2936 4898
140 559 204 637 289.
226 567 305 632 ltem,
323 559 437 640 quamd.
452 559 570 622 litteram
585 559 715 641 scriptam
728 559 781 622 sub
794 577 868 621 anno
882 559 936 621 otti
952 565 1108 634 ll⁰lltlll⁰,
1124 569 1167 621 ιιιθ
1201 589 1204 598 ·

106 655 207 718 kalend.
219 655 386 732 decembris,
400 654 499 718 nobilis
512 655 627 738 tymari
648 655 751 718 domini
775 655 810 718 de
830 655 1003 738 anonayico,
1024 655 1169 718 continens

106 755 171 836 quod
184 754 244 836 ipse
260 761 396 838 hymarus
407 754 480 836 cepit
488 754 517 816 in
534 754 756 816 leudomadom⁰
769 754 896 836 Guigone
910 754 1052 836 delphino,
1064 755 1169 818 vienne

106 867 128 915 et
141 853 253 915 Albonis
269 853 380 927 comite,
396 852 550 916 custodiam
564 851 692 929 ecclesie,
708 851 772 914 ville
793 865 876 934 atque
892 852 977 914 totius
989 852 1119 914 territorii
1134 852 1169 915 de
1232 917 1234 924 ,

80 1005 82 1010 ,
108 951 259 1034 Qtintenas,
280 965 308 1013 et
327 949 459 1033 quidquid
473 949 540 1030 juris
556 940 715 1012 et'dominii
728 967 762 1011 ac
775 947 975 1011 dominicature
993 948 1021 1010 in
1037 948 1168 1029 predictis

107 1049 212 1110 ecclesia
221 1061 250 1110 et
266 1047 330 1109 villa
343 1062 373 1110 et
384 1047 542 1110 hominibus
555 1045 743 1109 habitantibus
756 1045 785 1106 in
797 1044 871 1108 dicta
886 1045 951 1107 villa
972 1058 1000 1108 et
1028 1043 1169 1107 territorio

108 1147 217 1210 habebat
232 1166 282 1209 seu
296 1147 400 1208 habere
420 1159 528 1228 poterat
543 1158 590 1208 aut
606 1143 726 1207 debebat
748 1144 800 1206 sub
816 1143 956 1224 homagio,
971 1143 1045 1225 quod
1076 1144 1171 1205 homa-

108 1243 172 1322 gium
185 1241 277 1306 dictus
291 1252 427 1325 aymarus
442 1242 508 1304 lecit
524 1240 599 1304 dicto
615 1240 691 1302 dom.
711 1239 830 1322 Guigoni
842 1254 925 1321 prout
943 1240 971 1302 in
990 1239 1079 1302 littera
1092 1239 1170 1322 sigil-

109 1341 154 1400 lata
165 1339 254 1420 sigillo
268 1338 355 1419 ipsius
368 1338 479 1420 hymari
490 1337 646 1400 continetur
665 1347 685 1398 ¹.

143 1455 205 1517 290.
240 1443 320 1510 Item,
356 1435 441 1517 quod.
472 1435 683 1498 instrumentum
708 1435 839 1515 scn'ptum
868 1453 951 1497 manu
975 1435 1106 1498 iohannis
1135 1437 1171 1499 de

111 1541 201 1595 Sancto
217 1532 353 1616 Dyonisio
368 1532 529 1595 habitatoris
543 1532 698 1608 Bellivisus,
714 1532 766 1594 sub
781 1550 853 1593 anno
870 1531 923 1592 nni
940 1533 1111 1605 ll⁰lll⁰Vll⁰,
1126 1530 1170 1592 die

111 1643 197 1691 xtvttt³
212 1630 317 1692 mensis
329 1629 434 1706 marcii,
448 1629 593 1692 continens
606 1629 682 1710 quod
698 1628 797 1690 nobilis
811 1628 854 1689 vir
864 1628 984 1690 lacobus
993 1628 1120 1689 dominus
1135 1626 1170 1689 de

111 1728 202 1789 letesio
215 1727 295 1790 dedit
308 1726 386 1788 dom⁰
401 1726 519 1788 Guidoni
536 1725 684 1807 Delphino,
700 1725 821 1806 presenti
841 1737 869 1787 et
882 1725 1035 1806 recipienti,
1050 1739 1170 1788 castrum

112 1843 179 1885 suum
193 1824 228 1886 de
240 1824 361 1899 viriaco,
378 1823 540 1886 Viennensis
552 1822 691 1906 dyocesis,
707 1821 788 1884 situm
802 1841 885 1903 supra
896 1834 1016 1884 castrum
1033 1820 1068 1884 de
1082 1822 1173 1884 Mala-

113 1921 172 1982 valle
192 1921 221 1981 in
245 1921 318 2002 pede
332 1920 432 1982 montis
458 1919 493 1982 de
519 1927 657 1995 homme,
674 1933 702 1980 et
720 1918 833 1980 domum
851 1937 928 1982 suam
951 1917 987 1980 de
1008 1917 1169 2000 chavanay,

113 2018 253 2100 ejusidem)
265 2018 404 2100 dyocesis,
424 2017 503 2079 sitam
516 2036 604 2098 prope
618 2016 724 2098 rippam
741 2015 859 2090 Rodani,
871 2035 933 2078 cum
950 2034 1045 2077 eorum
1059 2014 1173 2078 manda-

114 2116 210 2192 mentis,
225 2115 381 2190 territoriis,
397 2099 575 2189 districtibus,
595 2133 672 2176 mero
691 2127 719 2176 et
735 2113 820 2176 mixto
836 2113 951 2194 imperio
972 2127 1000 2176 et
1024 2114 1170 2196 homagiis,

116 2226 208 2276 retento
227 2213 279 2276 sibi
299 2227 328 2275 et
345 2212 422 2273 uxori
437 2231 486 2274 sue
498 2211 610 2274 domine
624 2212 660 2273 de
674 2217 826 2292 Argentaut
855 2228 906 2272 usu
925 2209 1015 2271 fructu
1040 2209 1171 2290 quamdiu

115 2310 242 2387 vixissent,
257 2312 285 2373 in
298 2329 364 2372 casu
381 2309 477 2391 inquo
492 2327 549 2370 non
564 2308 698 2371 haberent
712 2307 829 2386 liberos3
846 2320 875 2369 et
887 2306 1071 2368 mitteremus
1082 2304 1172 2367 dictus

116 2404 179 2466 dont.
197 2406 286 2487 Guigo
300 2405 335 2467 de
349 2406 480 2486 predictis
494 2425 544 2487 per
559 2405 634 2468 dom.
652 2407 823 2469 ludovicum
836 2402 1073 2485 archiepiscopum
1095 2410 1172 2484 Lug-

117 2501 263 2580 dunensem,
278 2518 309 2565 ut
325 2503 353 2564 in
370 2502 444 2566 dicto
464 2503 647 2566 instrumento
663 2505 822 2567 continetur
838 2515 861 2564 ².

152 2617 210 2681 291.
229 2609 307 2677 Item,
324 2600 437 2681 quamd.
462 2599 579 2663 litteram
595 2600 669 2662 dom¹
686 2601 789 2663 alberti
804 2600 839 2662 de
862 2605 962 2674 Turre,
976 2597 1106 2679 scriptam
1120 2597 1172 2659 sub
1230 2657 1233 2664 ,

118 2698 239 2759 annolini
255 2700 399 2773 wilclant,
416 2706 487 2758 xvn⁰
513 2697 625 2760 kalend.
653 2698 810 2774 decenbris,
826 2696 971 2778 sigillatam
992 2695 1081 2778 sigillo
1108 2693 1173 2757 dicti

119 2793 182 2856 dom.
196 2795 308 2871 hiberti,
337 2794 523 2857 continentem
549 2795 624 2877 quod
644 2796 733 2858 dictus
747 2795 823 2856 dom.
854 2794 982 2856 albertus
1003 2792 1078 2856 dedit
1095 2793 1173 2854 dom⁰

120 2892 222 2973 Guigoni
235 2891 366 2973 dalpbino
379 2891 461 2954 leuda
475 2891 636 2969 horestelli,
654 2892 754 2954 Viriaci
771 2904 800 2954 et
813 2891 900 2954 tercie
915 2891 1001 2972 partis
1015 2890 1097 2953 castri
1112 2889 1174 2950 Cla·

120 2987 228 3052 timentis
242 3009 305 3052 cum
333 2989 389 3051 suis
419 2988 671 3070 recognicionibus,
698 3003 725 3052 et
748 2988 821 3050 idem
836 2988 912 3050 dom.
933 2987 1023 3068 Guigo
1047 2985 1152 3048 dedit
1145 3003 1173 3046 nn

121 3085 216 3148 lendum
228 3087 351 3169 predicta
367 3088 441 3150 dicto
458 3087 534 3149 dom.
558 3087 683 3150 Alberto.

155 3201 213 3264 2.92
233 3192 311 3261 ltem,
328 3183 413 3265 quod.
427 3185 637 3246 instrumentum
652 3196 794 3264 receptum
809 3201 891 3244 manu
908 3179 1007 3244 llumb¹
1023 3178 1102 3242 Pilati
1113 3191 1171 3241 not.

121 3279 163 3341 sub
176 3301 244 3344 anno
259 3282 313 3344 Diti
330 3284 540 3358 nt⁰111⁶xxxv,
558 3282 603 3344 die
626 3293 667 3342 κν
681 3281 783 3344 mensis
807 3279 913 3356 marcii,
934 3277 1080 3340 continens
1099 3275 1173 3357 quod

121 3376 205 3440 nobilis
215 3379 369 3462 eynardus,
386 3378 513 3441 dominus
527 3377 713 3454 clarimontis,
740 3375 903 3458 recognovit
916 3393 946 3436 se
959 3387 1054 3436 tenere
1070 3372 1098 3434 in
1116 3372 1175 3434 leu-

122 3473 176 3537 dum
188 3479 325 3560 antiquum
339 3477 477 3540 adomino
493 3467 589 3540 nostro
605 3477 759 3539 humberto
775 3475 906 3557 dalphino
919 3470 1068 3535 viennensi
1085 3485 1175 3534 castra
1195 3489 1206 3560 p

123 3570 152 3632 de
162 3574 272 3652 viriaco,
289 3575 325 3637 de
344 3574 508 3651 Peladraco,
525 3574 698 3655 parrochiam
713 3573 748 3635 de
765 3572 875 3647 Volum,
893 3568 1066 3652 parrochiam
1084 3568 1175 3630 Sancti
1196 3561 1203 3606 ⁵

124 3673 236 3733 Germani
249 3673 285 3735 de
299 3679 467 3747 Cornarosa,
488 3690 551 3734 cum
575 3671 776 3733 mandamentis
793 3684 822 3733 et
845 3667 989 3732 territoriis
1003 3665 1174 3742 eorumdem,

122 3763 176 3827 item
202 3767 259 3848 plus
288 3781 409 3830 castrum
430 3780 458 3830 et
478 3767 701 3830 mandamentum
720 3767 780 3830 Alte
806 3765 897 3847 Rippe
922 3763 1089 3839 reddibiles,
1110 3762 1174 3824 item

122 3865 280 3932 medietatem
292 3867 420 3930 fortalicii
433 3886 481 3929 seu
496 3867 595 3928 domus
621 3886 670 3928 sue
683 3866 720 3928 de
746 3865 869 3928 Divisino
895 3877 922 3927 et
937 3863 1048 3926 domum
1076 3861 1174 3923 fortem

156 4113 174 4151 1.
188 4097 223 4151 En
237 4117 269 4154 m.
284 4099 359 4153 Alie
372 4097 441 4153 ultra
456 4095 648 4152 Rodanum—
618 4113 690 4150 -.2
711 4095 749 4148 En
768 4112 800 4147 m.
821 4091 924 4166 Foresii,
944 4094 996 4149 Noa
1015 4089 1176 4146 retentionem

121 4161 201 4224 lacum
215 4185 256 4242 per
270 4167 481 4242 archiepiscopum
491 4166 680 4240 lugdunen·
692 4183 716 4238 3.
732 4165 771 4219 lin
784 4181 817 4220 m.
832 4163 886 4220 Noa
900 4138 1130 4220 reddtbtlttalemh
1141 4159 1174 4214 R
