2844 4900
552 485 729 553 -.49-

146 601 210 682 855.
228 607 312 680 Item,
327 601 412 683 quod.
427 601 464 666 ai.
478 603 689 666 instrumentum
702 602 746 685 (ut
759 621 792 682 7¹
803 603 843 684 3),
860 603 1005 666 continens
1020 601 1178 684 homagium

111 697 141 762 de
157 717 276 780 persona
292 699 437 782 prestitum
451 700 532 763 doru⁰
545 712 643 764 nostro
660 699 791 782 dalphino
807 719 858 782 per
881 700 1067 781 Guigonetum
1088 703 1179 760 Noets

111 797 140 859 de
153 797 277 860 avalone
291 799 514 862 etterminum...
871 821 891 862 s

143 894 209 976 856.
234 901 315 972 Item,
342 896 429 978 quod.
456 895 493 958 al.
521 896 733 958 instrumentum
759 891 837 976 publ.
862 912 945 956 manu
974 899 1048 976 Hug.
1066 893 1179 957 Pinardi
1287 964 1291 982 ἢ

108 993 198 1056 notarii
213 993 293 1075 publ.
309 995 361 1057 sub
377 1014 451 1057 anno
470 994 523 1056 Diti
542 1000 681 1071 M⁰CCC0‚
694 993 791 1056 indict.
808 1006 884 1070 xuu,
896 1001 947 1054 xu⁰
957 991 1069 1054 kalend.
1082 992 1177 1070 madii,

108 1091 246 1153 continens
259 1091 336 1174 quod
352 1092 431 1155 dom²
449 1091 615 1175 Eysilabella
632 1090 784 1175 Raynauda
796 1090 830 1152 de
846 1089 1003 1152 Bucurione
1018 1088 1095 1152 dedit
1114 1090 1180 1172 (do-

7 1241 9 1258 ,
108 1187 226 1270 natione)
240 1207 311 1269 pura
337 1207 391 1270 que
417 1189 517 1251 dicitur
539 1188 611 1252 inter
636 1188 727 1264 vivos,
756 1186 842 1250 videl,
860 1187 967 1249 Thome
997 1186 1033 1249 de
1059 1186 1180 1250 Peiadru

7 1277 9 1343 i
108 1285 194 1366 nepoti
220 1305 284 1362 suo,
312 1305 409 1349 omnes
425 1306 481 1364 res,
494 1285 698 1369 possessiones,
716 1286 787 1366 jura,
806 1304 917 1362 census,
934 1277 1060 1347 servicia'
1075 1298 1104 1347 et
1126 1285 1180 1348 alia

108 1384 195 1466 usagia
212 1403 389 1467 quecumque
412 1385 466 1447 sint
480 1398 508 1447 et
523 1402 700 1466 quocumque
713 1382 826 1444 nomine
842 1395 1020 1460 senceantur,
1038 1401 1092 1464 que
1107 1402 1179 1445 con-

108 1480 163 1544 dam
183 1481 297 1545 fuerunt
322 1483 398 1545 Petri
421 1481 567 1566 Reynoudi
590 1479 681 1543 mariti
710 1479 753 1542 sui
769 1479 899 1558 condam,
918 1479 1003 1542 videl.
1019 1479 1047 1542 in
1062 1480 1181 1543 manda-

107 1579 198 1642 mentis
214 1580 379 1644 Bucurionis
395 1594 423 1643 et
438 1579 540 1643 Montis
552 1578 673 1654 Bonodi‚
688 1591 797 1640 retento
817 1576 870 1639 sibi
892 1577 1085 1640 tantummodo
1100 1596 1180 1640 usum

107 1675 220 1740 fructum
239 1677 267 1740 in
284 1678 352 1741 dict.
369 1677 453 1741 rebus
468 1675 602 1739 advitam
617 1694 706 1752 suam,
722 1688 806 1756 prout
816 1675 868 1736 hec
879 1674 923 1756 (ut
938 1675 1022 1758 852).

140 1775 208 1856 857.
229 1783 309 1853 item,
325 1777 411 1860 quod.
430 1776 549 1838 vidimus
561 1774 694 1856 scriptum
708 1773 761 1836 sub
773 1792 847 1835 anno
866 1771 920 1834 oni
934 1776 1178 1846 M⁰CC⁰XC⁰V110,

106 1877 173 1930 xuru⁰
197 1869 312 1932 kalend.
338 1868 504 1948 decembris,
523 1870 668 1934 continens
684 1869 798 1953 quamd.
820 1868 1064 1932 confirmacionem
1078 1867 1180 1930 factam

107 1985 151 2046 per
169 1966 245 2028 dom.
278 1966 492 2050 H(umbertum)
516 1967 676 2048 dalphinum
703 1967 888 2031 Viennensem
904 1980 932 2028 et
951 1966 1028 2028 dom.
1043 1965 1181 2048 A(nnam)

107 2061 160 2140 ejus
172 2076 329 2126 consortem
344 2076 372 2126 et
385 2082 436 2145 per
449 2063 526 2126 dom.
541 2065 695 2126 iohannem
710 2064 800 2145 primo
814 2049 936 2146 genitum
951 2062 1032 2126 dome
1048 2062 1181 2145 dalphine

105 2159 221 2241 antique,
242 2159 328 2222 videl.
346 2159 382 2222 de
402 2173 493 2222 castro
509 2161 640 2223 Terracie
668 2173 696 2224 et
717 2160 777 2239 ejus
799 2159 996 2222 mandamento
1018 2174 1112 2241 empto
1130 2179 1182 2241 per

107 2257 225 2320 eamdem
243 2271 273 2320 et
286 2258 322 2320 de
336 2258 464 2321 omnibus
489 2278 663 2341 quecumque
684 2257 781 2320 emerit
806 2277 855 2320 seu
877 2256 1019 2339 aquisierit
1046 2257 1074 2319 in
1105 2257 1181 2319 dicto

107 2354 296 2417 mandamento
309 2355 433 2418 Terratie
447 2367 475 2416 et
484 2355 512 2417 in
526 2355 722 2426 mandamento
735 2354 838 2417 Montis
853 2354 962 2417 Bonodi
972 2368 1000 2417 et
1008 2353 1084 2431 aiibi,
1099 2367 1183 2437 prout

108 2449 155 2513 hec
169 2451 210 2533 (ut
224 2452 308 2535 852).

143 2550 207 2630 858.
237 2557 318 2628 item,
334 2549 419 2632 qued.
435 2548 530 2612 lietera
544 2550 631 2632 quod.
652 2549 742 2632 sigilio
757 2549 918 2632 impendenti
932 2548 1061 2631 sigillata,
1079 2549 1182 2632 scripta

109 2645 156 2709 sub
168 2666 240 2710 anno
260 2647 315 2709 Drii
336 2654 624 2725 M⁰CC⁰LXXX⁰1X⁰‚
655 2647 700 2710 die
715 2648 779 2710 lune
805 2661 870 2730 post
885 2649 986 2710 festum
1003 2647 1031 2710 b¹
1049 2648 1183 2711 iohannis

110 2745 235 2827 Baptiste,
250 2746 397 2809 continens
420 2746 664 2809 confirmacionem
680 2747 781 2809 iactam
798 2767 848 2828 per
863 2746 939 2810 dom.
952 2753 1060 2808 Annam
1071 2747 1183 2830 dalphi-

109 2861 166 2903 nam
183 2843 365 2906 Viennensem
383 2843 418 2906 ild
433 2843 510 2906 dom⁰
529 2842 677 2927 B(eatrici)
695 2844 825 2924 dalphine
845 2843 995 2907 Viennensi
1018 2857 1047 2906 et
1070 2844 1182 2907 domine

112 2939 272 3022 Fucigniaci‚
297 2941 333 3003 de
346 2954 438 3004 castro
458 2940 560 3004 Montis
573 2941 682 3004 Bonodi
701 2956 730 3005 et
754 2941 813 3022 ejus
828 2942 1024 3004 mandamento
1042 2941 1190 3023 domoque

114 3039 212 3103 bastida
223 3041 276 3104 sita
291 3060 375 3123 super
388 3040 493 3103 dictum
506 3054 639 3103 castrum.

147 3139 211 3221 859.
229 3147 310 3217 Item,
320 3140 406 3222 quod.
417 3139 455 3202 al.
469 3139 680 3201 instrumentum
694 3137 827 3219 scriptum
841 3136 893 3199 sub
909 3156 982 3199 anno
1003 3135 1057 3198 Diii
1081 3141 1182 3199 M⁰CC⁰

117 3238 260 3314 tumvlo,
288 3235 373 3299 indic.
402 3250 453 3313 rm,
483 3235 564 3297 domo
594 3234 743 3306 Frederico
765 3232 932 3315 imperatore
949 3246 1098 3314 regnante,
1129 3250 1184 3295 x110

116 3327 216 3394 kalend.
232 3331 361 3413 januarii,
376 3332 523 3395 continens
536 3332 622 3414 quod.
641 3331 801 3394 Hunbertus
825 3329 951 3392 Chalvini
964 3329 1091 3392 vendidit
1104 3329 1184 3391 dom⁰

116 3428 223 3491 Berlioni
239 3429 275 3492 de
290 3435 465 3492 castronovo
481 3450 563 3492 omne
577 3429 620 3510 jus
637 3428 712 3512 quod
727 3427 849 3491 habebat
868 3427 897 3490 in
917 3445 1016 3508 campo
1040 3425 1093 3488 sito
1118 3439 1184 3490 ante

115 3527 243 3608 grangiam
258 3526 336 3589 Petri
352 3527 489 3610 Raynoldi
505 3541 534 3591 et
553 3527 581 3590 in
596 3527 683 3610 quod.
699 3538 860 3590 tenemento
875 3523 950 3607 quod
966 3535 1083 3585 vocatur
1100 3535 1184 3586 tene-

113 3636 221 3686 mentum
240 3630 347 3701 Cornu‚
373 3624 469 3705 precio
485 3638 513 3687 et
536 3638 659 3688 mercato
673 3644 691 3686 x
706 3638 734 3687 et
750 3642 801 3685 vin
818 3623 912 3685 librar.
943 3620 1100 3700 Viennen.;
1116 3620 1182 3684 item

4 3753 6 3760 ·
113 3720 223 3784 uendidit
238 3735 267 3785 et
281 3721 420 3785 concessit
434 3721 510 3785 dom.
535 3724 697 3785 Hunbertus
706 3722 797 3785 eidem
813 3720 888 3782 dom.
906 3719 1027 3781 Berlioni
1042 3739 1125 3782 omne
1136 3719 1180 3800 jus

114 3818 178 3898 quod
193 3820 312 3884 habebat
334 3820 363 3883 in
377 3834 537 3884 tenemento
553 3821 587 3884 de
599 3822 640 3884 ies
651 3821 825 3903 Aigrimenes
849 3833 877 3882 et
889 3819 918 3882 in
931 3833 1092 3884 tenemento
1109 3828 1184 3885 Lan-

115 3916 179 3977 telmi
195 3919 297 3993 Grassi,
310 3918 338 3980 in
354 3937 382 3980 nr
394 3918 475 3980 solid.
485 3918 531 4000 qui
545 3918 762 4000 debenturapud
775 3917 944 4002 Rovoyriam
955 3931 983 3982 et
992 3919 1066 4000 apud
1076 3927 1182 4002 Aquam

117 4020 212 4093 Latam,
225 4019 318 4100 precio
330 4038 369 4081 vu
391 4020 485 4082 librar.
503 4033 531 4082 et
546 4040 563 4082 x
577 4019 659 4083 solid.
675 4020 834 4098 Viennen.;
861 4019 927 4082 item
952 4020 1078 4083 vendidit
1101 4039 1183 4084 omne

116 4107 152 4186 jus
160 4114 230 4194 quod
239 4117 361 4179 habebat
368 4116 397 4179 in
407 4116 491 4198 quad.
503 4117 585 4181 vinea
598 4138 681 4200 quarn
689 4117 756 4181 iacit
765 4117 800 4180 ad
812 4117 942 4181 meeriam
954 4117 1045 4198 Guigo
1060 4116 1181 4195 Cichais‚

5 4233 6 4240 κ
117 4209 201 4286 precio
214 4231 249 4272 xu
259 4227 288 4276 et
302 4233 319 4275 v
338 4213 420 4277 solid.
434 4214 570 4278 viennen.
597 4228 717 4297 prout...
