2844 4900
679 448 857 510 -.,2-

227 578 320 629 mento
332 565 407 628 idem
424 573 513 648 npmo
533 563 611 628 dedit
623 562 699 626 dicto
721 563 854 646 Syboudo
874 580 956 625 omne
969 562 1012 641 jus
1029 559 1080 624 sibi
1093 572 1264 644 ¹competens
1275 559 1301 622 in

225 663 315 727 leudis
326 663 504 747 supradictis.

265 761 333 844 75¹4.
355 768 435 838 Item,
452 760 539 844 quod.
554 759 632 842 publ.
648 759 858 822 instrumentum
872 759 1003 840 scriptum
1028 777 1110 820 manu
1132 758 1215 839 Guig.
1233 763 1303 819 Fru-

224 861 308 922 menti
323 859 358 923 de
373 857 563 940 Grationopoli
577 871 637 921 not.
649 857 718 940 pub.
734 857 786 920 sub
800 877 873 920 anno
886 858 939 920 Diri
957 863 1201 932 M⁰CCC⁰XL111⁰,
1217 856 1300 918 indic.

222 968 274 1036 xm,
291 957 336 1024 die
349 976 396 1018 xxr
410 955 513 1019 mensis
524 955 658 1032 octobris,
673 955 818 1018 continens
825 956 1042 1037 permutationes
1053 954 1141 1018 iaotas
1147 955 1219 1018 iuter
1226 953 1298 1016 dom.

139 1090 140 1094 =
224 1053 397 1117 Hunbertum
413 1053 571 1134 dalphinum
587 1053 771 1116 Viennensem
785 1073 821 1116 ex
835 1073 889 1116 una
904 1067 983 1134 parte
995 1067 1024 1116 et
1041 1052 1118 1115 dom.
1136 1051 1300 1116 Chabertum

222 1151 258 1214 de
275 1151 446 1227 Morestello,
463 1150 659 1213 condominum
675 1150 825 1212 Morestelli
840 1170 875 1212 ex
890 1152 987 1226 altera,
1005 1150 1040 1212 de
1051 1149 1103 1212 hiis
1117 1169 1171 1231 que
1185 1148 1303 1212 babebat

220 1248 295 1310 idem
306 1247 382 1309 dom.
400 1248 554 1310 Chabertus
572 1248 600 1309 in
614 1246 810 1310 mandamento
828 1262 857 1309 et
872 1247 1012 1310 territorio
1027 1247 1093 1310 dicti
1110 1247 1261 1309 Morestelli
1275 1260 1302 1310 et

219 1358 280 1408 toto
304 1345 528 1427 Graysivodano,
559 1364 622 1407 cum
657 1358 749 1407 castro
774 1344 809 1407 de
837 1344 913 1406 Bella
944 1343 1057 1406 Guarda
1079 1344 1108 1405 in
1135 1343 1300 1419 Viennesio,

220 1442 295 1525 quod
319 1433 441 1505 castroni
457 1442 492 1504 de
509 1441 585 1503 Bella
612 1441 725 1503 Guarda
740 1439 824 1505 debet
837 1456 934 1504 tenere
955 1441 983 1503 in
999 1441 1113 1504 feudum
1135 1440 1271 1504 reddibile
1286 1460 1302 1502 a

219 1540 294 1602 dicto
309 1539 385 1602 dom.
402 1539 535 1619 dalphino
551 1559 559 1616 ;
578 1539 723 1602 continens
739 1540 821 1601 etiam
838 1539 932 1620 plures
945 1539 1125 1602 condiciones
1138 1552 1304 1602 etconven-

217 1637 307 1700 tiones
318 1636 400 1699 initas
414 1637 485 1699 inter
501 1637 577 1717 ipsos
592 1636 720 1699 dominos
732 1636 760 1698 in
777 1636 837 1718 ipsa
849 1637 1070 1718 permutacione,
1088 1649 1171 1718 prout
1198 1637 1250 1700 hec
1276 1651 1303 1699 et

218 1734 298 1816 plura
312 1734 365 1796 alia
381 1733 490 1815 plenius
504 1733 682 1796 continentur
693 1733 721 1794 in
736 1733 827 1795 instr²⁰
851 1733 951 1796 eodem
970 1748 990 1795 ¹.

259 1851 293 1914 75
304 1851 328 1914 5.
348 1839 428 1908 item,
444 1833 585 1895 sexdecim
595 1832 664 1914 pub.
679 1831 861 1894 instrumenta
869 1832 971 1912 scripta
979 1851 1061 1894 manu
1070 1830 1206 1894 Guillelmi
1214 1830 1304 1916 Quin-

217 1929 266 1992 tini
289 1930 317 1991 in
340 1930 481 1994 sexdecim
505 1929 622 2011 pellibus
653 1929 847 2010 purgameneis
870 1928 950 1990 simul
974 1929 1053 2006 sutis,
1077 1942 1189 2010 recepta
1219 1947 1302 1990 manu

219 2027 352 2107 Stephani
370 2026 483 2088 Combri
497 2026 597 2088 notarii
614 2025 692 2106 publ.
706 2024 757 2086 sub
773 2044 846 2087 anno
859 2045 875 2086 a
890 2025 1005 2088 Nativit.
1021 2025 1075 2088 Dili
1087 2031 1301 2102 M⁰CCC⁰XXl⁰,

216 2123 303 2186 indic.
320 2142 384 2201 rura,
401 2123 446 2186 die
461 2142 540 2185 xxrur
558 2115 661 2185 mensis
676 2122 796 2203 augusti,
823 2122 994 2185 continentia
1015 2107 1226 2204 recogniciones
1249 2122 1303 2184 ho-

217 2221 383 2303 magiorum,
400 2221 546 2283 feudorum
556 2235 585 2284 et
599 2241 690 2282 rerum
704 2219 1010 2301 emphiteotecariarum
1019 2220 1136 2282 deornni
1145 2240 1199 2302 que
1206 2219 1301 2299 babet,

215 2329 293 2379 tenet
302 2317 379 2379 dom.
393 2316 548 2380 Chabertus
569 2318 604 2379 de
623 2316 794 2392 Morestello,
811 2313 995 2379 condominus
1013 2316 1163 2379 Morestelli
1177 2316 1206 2378 in
1217 2323 1304 2400 Gray·

215 2413 363 2491 sivodano,
391 2430 419 2478 et
439 2415 475 2477 ab
493 2435 527 2476 eo
547 2428 675 2477 teneatur
695 2413 723 2474 in
746 2426 806 2476 toto
835 2414 1031 2476 mandamento
1051 2413 1202 2476 Morestelli
1222 2427 1251 2476 et
1275 2413 1303 2475 in

215 2512 412 2574 mandamento
439 2512 563 2574 Terratie
588 2526 616 2574 et
642 2510 717 2573 alubi
739 2511 767 2572 in
790 2524 849 2573 toto
879 2511 1115 2594 Graysivodano:
1136 2532 1191 2594 que
1211 2513 1304 2574 omnia

214 2610 353 2688 pertinent
365 2629 439 2671 nunc
452 2609 564 2671 domino
579 2622 676 2672 nostro
692 2608 835 2689 dalphino‚
855 2628 890 2671 ex
901 2610 1211 2691 causapermutacionis
1231 2611 1303 2675 lacte

213 2705 402 2768 interdictum
417 2706 493 2766 dom.
508 2706 667 2786 dalphinum
683 2719 710 2768 et
734 2699 837 2767 dictum
853 2705 928 2768 dom.
948 2706 1117 2770 Chabertum
1138 2707 1174 2769 de
1189 2708 1304 2789 predic-

213 2801 249 2863 tis
263 2821 315 2883 pro
331 2816 423 2864 castro
437 2801 601 2884 Bellegarde
610 2802 638 2864 in
653 2802 813 2865 Viennesio.

255 2899 324 2979 756.
353 2906 432 2975 item,
456 2898 540 2981 qued.
576 2899 665 2961 littera
697 2899 726 2960 in
754 2898 886 2979 pendenti
913 2899 1041 2980 sigillata,
1067 2901 1119 2964 sub
1146 2921 1222 2964 anno
1249 2900 1302 2965 Dr'ri
1414 2939 1415 2953 ,

215 3004 461 3072 M⁰CC⁰XXX1X⁰,
478 3016 505 3057 vu
517 2996 631 3058 kalend.
647 2995 814 3070 decembris,
824 2995 969 3058 continens
981 2997 1183 3078 obligacionem
1199 3000 1302 3062 iactam

212 3079 290 3157 dom⁰
308 3094 438 3176 dalphine
461 3093 496 3155 de
519 3094 579 3174 jure
604 3093 679 3175 quod
706 3091 790 3154 habet
813 3099 949 3174 Aymarus
966 3093 1002 3157 de
1027 3095 1207 3159 Cassenatico
1226 3097 1302 3179 apud
1413 3147 1414 3174 ,

211 3191 376 3254 nvalonem.

251 3307 320 3369 757.
356 3295 435 3364 ltem,
464 3287 548 3369 qued.
577 3286 672 3350 lietera
692 3305 747 3347 uno
771 3285 861 3367 sigillo
887 3286 915 3346 in
944 3287 1076 3367 pendenti
1095 3288 1225 3370 sigillata,
1251 3289 1302 3353 sub

210 3403 284 3446 anno
300 3386 353 3447 Diri
366 3392 592 3462 M⁰CC⁰XLVll⁰,
613 3384 796 3447 1111⁰kalend.
822 3381 989 3461 decembris,
1021 3387 1196 3473 continentes
1224 3388 1302 3472 quod

209 3480 286 3543 dom.
304 3483 394 3565 Guigo
409 3483 555 3564 dalphinus
567 3481 645 3544 dedit
658 3480 799 3542 Willelmo
825 3480 860 3541 de
880 3488 1012 3543 Ravenna
1039 3482 1152 3544 domum
1168 3504 1252 3546 suam
1268 3485 1303 3548 de

210 3584 306 3642 Monte
320 3580 438 3642 Bonodo
452 3593 480 3642 et
493 3578 673 3641 chaallaniam
682 3577 806 3657 ejusdem
821 3578 904 3639 castri
915 3591 942 3640 et
956 3578 1029 3641 mille
1043 3581 1147 3644 solidos
1159 3581 1300 3646 viennen.
1411 3637 1412 3650 i

210 3677 356 3738 censuales
373 3689 396 3738 ².

253 3773 321 3852 758.
339 3769 425 3846 item,
434 3773 520 3855 qued.
533 3771 628 3834 lictere
642 3772 751 3834 duobus
762 3773 857 3855 sigillis
867 3774 895 3837 in
911 3775 1043 3856 pendenti
1054 3775 1183 3858 sigillate,
1195 3754 1301 3860 scripte

209 3869 263 3931 sub
280 3888 354 3930 anno
371 3868 424 3930 Diri
444 3874 649 3946 M⁰CC⁰XXX1,
666 3869 751 3932 indic.
770 3889 835 3948 uua,
849 3880 902 3932 uu⁰
911 3871 1024 3935 kalend.
1036 3872 1104 3952 julii,
1121 3874 1299 3938 continentes
1410 3881 1411 3896 ¹

247 4097 323 4152 1.Εὴ
338 4115 369 4152 nr.
387 4095 528 4178 Aequisicio
549 4097 689 4154 castellauie
707 4099 841 4155 Morestelli
860 4099 883 4155 in
904 4101 1078 4173 Graysivod...
1101 4133 1133 4144 -
1157 4119 1182 4160 2.
1205 4103 1246 4158 En
1263 4123 1296 4159 nr.
1409 4099 1410 4142 l

207 4166 361 4241 Lotquatur)
375 4166 518 4225 comissario
533 4168 695 4242 recognition.
708 4169 801 4226 Montis
816 4171 924 4226 bonodi.
