2844 4900
102 550 182 600 neno
195 537 290 608 Turris
300 539 438 603 Pinietin
449 537 652 602 mandamentis
667 538 703 602 de
724 537 837 616 Vourei,
853 537 969 600 elbonis
985 551 1013 600 et
1028 538 1163 612 Volliner

101 648 271 700 termium...

135 751 213 815 ποις.
237 741 320 810 item,
342 733 430 814 quoti.
451 733 664 796 instrumentum
686 733 763 814 pubi.
797 733 930 815 scriptum
955 753 1038 796 manu
1060 733 1163 796 Humb¹

100 829 168 892 Pilati
180 843 239 893 not.
258 829 326 911 pub.
351 830 403 892 sub
415 849 489 892 anno
506 829 562 894 nni
579 835 863 907 M⁰CCC⁰XXXVH⁶,
876 829 974 894 indict.
990 843 1032 908 vt,
1047 829 1092 894 die
1105 841 1162 894 ιιιι1

99 929 187 991 nensis
215 928 357 1006 febroarii,
380 928 527 992 continens
558 927 717 1010 homagium
736 929 831 1010 ligium
848 929 993 1010 prestitum
1018 947 1069 1010 per
1084 929 1161 992 dom.

98 1025 235 1088 tmedmm
250 1026 286 1088 rie
298 1026 453 1090 Romillone
466 1025 594 1103 militem,
608 1026 807 1090 condominum
823 1027 982 1109 Boschagii.

134 1122 210 1184 1016.
228 1129 309 1199 Item,
325 1123 413 1205 quod.
427 1124 640 1187 instrumentum
651 1124 695 1206 (ut
703 1123 840 1208 precem),
852 1123 898 1188 die
908 1139 940 1188 nt
950 1141 1039 1188 mene.
1054 1123 1165 1190 febroa-

98 1218 135 1294 ni,
154 1221 299 1284 comittens
324 1221 482 1304 homnginm
509 1221 605 1304 ligium
622 1222 768 1303 prestitum
788 1241 839 1303 per
851 1221 929 1285 dnm.
949 1221 1164 1307 H(umbertum)

98 1315 128 1377 de
138 1317 330 1382 vuantsdomo
343 1319 474 1400 delphino
495 1333 524 1382 et
545 1319 771 1400 recogticinnem
785 1319 944 1401 peripsum
962 1320 1065 1383 factem
1082 1331 1166 1402 prout

96 1428 287 1496 recognoverat
298 1428 379 1498 pater
391 1435 467 1491 suus,
489 1429 573 1498 prout
590 1415 619 1478 in
633 1417 720 1498 quod.
738 1416 923 1480 instrumento
942 1416 996 1480 tio
1018 1417 1165 1500 &signeto

96 1509 227 1576 ineodero
241 1512 367 1593 presenti
374 1512 465 1576 inseri·
477 1511 648 1576 continetur.

131 1626 215 1689 tor7.
228 1617 308 1686 item,
323 1609 410 1691 quod.
424 1609 503 1690 punt
517 1609 730 1674 instrumentum
745 1610 878 1692 scripturo
885 1627 969 1674 manu
985 1610 1118 1674 iohannis
1129 1611 1165 1674 dn

97 1707 190 1770 iuncto
221 1707 352 1783 Denisio,‘
374 1705 537 1770 habitatoris
564 1705 722 1784 Beiiirisum
752 1707 804 1770 sub
833 1727 907 1773 anno
938 1714 1049 1771 ineam.
1077 1707 1165 1773 onice

96 1807 299 1880 tr⁰ccc⁰V111⁰‚
315 1803 361 1866 die
375 1803 483 1866 sabbati
493 1817 558 1884 post
577 1804 677 1867 festum
687 1803 715 1865 b¹
728 1811 814 1881 Luce,
833 1805 978 1868 continens
991 1805 1066 1886 quod
1085 1803 1162 1869 dont.

98 1899 257 1966 rumbertus
270 1899 306 1962 de
328 1899 436 1962 vileriis
447 1898 537 1974 miles,
553 1898 682 1964 dominus
710 1899 746 1963 de
769 1900 903 1977 Thoona,
916 1900 995 1964 dedit
1006 1901 1086 1964 dorm⁰
1106 1901 1165 1964 dal-

96 1995 171 2074 pirino
185 1996 302 2062 iohanni
319 1996 394 2060 bone
418 1996 552 2060 memorie
566 2009 687 2060 cestrum
700 1996 737 2060 de
753 1997 861 2060 vileriis
875 2011 904 2060 et
916 1998 952 2059 de
965 1997 1096 2060 Poncinis
1110 1997 1165 2061 do-

96 2093 198 2156 mtione
210 2093 327 2174 simplici
337 2094 410 2158 inter
429 2093 522 2170 vivos,
537 2107 567 2156 et
578 2093 653 2156 idem
671 2095 747 2157 dom.
765 2095 912 2176 delphinus
923 2095 1049 2176 predicta
1073 2109 1165 2160 castra

97 2186 200 2255 uentris
212 2189 327 2256 ternum
341 2191 417 2254 dieto
430 2190 544 2252 domino
559 2191 595 2253 de
613 2191 722 2255 Viiariis
736 2205 766 2256 et
779 2192 854 2254 idem
866 2193 996 2259 dominus
1010 2193 1047 2256 de
1057 2193 1165 2258 intortio

97 2289 293 2370 propreuiesie
302 2289 369 2352 iecit
384 2288 545 2370 homagium
555 2289 657 2371 legium
672 2289 764 2352 eidem
783 2290 860 2354 dom.
880 2291 998 2354 iohanni
1020 2291 1162 2374 dopmno,

135 2388 217 2450 totu.
232 2395 314 2464 hem,
343 2387 431 2468 qnod.
453 2387 667 2450 instrumentum
692 2387 772 2468 publ.
800 2389 933 2469 scriptum
957 2409 1041 2452 manu
1065 2389 1166 2454 Ηιιιιιὶ)ί

99 2483 180 2560 titan,
207 2484 261 2547 sub
283 2503 357 2546 anno
376 2484 430 2546 uni
459 2490 723 2561 M⁰CCC⁰XXXV0,‘
738 2484 835 2548 indict.
855 2501 910 2562 tut,
931 2485 975 2548 die
991 2505 1047 2548 xxu
1063 2486 1166 2551 mensis

97 2559 262 2661 septembris,
278 2581 424 2646 contuens
433 2581 592 2662 homagium
599 2581 694 2662 ligium
705 2581 850 2662 prestitum
862 2601 913 2663 per
922 2581 1000 2646 dom.
1012 2585 1165 2648 Amedeum

99 2677 129 2740 de
143 2679 317 2754 Roosiiiione,
334 2679 476 2742 dominum
492 2678 652 2759 Boschngii,
664 2679 743 2740 dom⁹
756 2679 888 2760 delphino
903 2693 931 2743 et
947 2681 1166 2762 recognitionem

98 2777 238 2859 peripsum
256 2777 358 2840 factem
372 2776 407 2840 de
423 2791 515 2840 castro
533 2796 584 2838 suo
599 2795 648 2839 seu
663 2775 796 2839 dedomo
812 2797 862 2839 tua
877 2777 942 2840 forti
959 2778 1053 2840 Sancti
1066 2777 1165 2840 tuliani

19 2943 27 2962 ἢ
100 2871 301 2956 demsehog'o,
312 2893 377 2938 crim
390 2873 531 2954 juribuset
544 2871 717 2956 pertinentiis
733 2873 801 2950 sios,
819 2873 895 2936 etde
908 2874 960 2936 hiis
974 2895 1028 2956 que
1039 2875 1122 2938 hebet
1136 2875 1165 2938 in

100 2973 243 3064 parrochiis
257 2972 353 3036 Saneu
374 2971 474 3036 tulierti
488 2971 605 3053 predicti
631 2983 661 3034 et
682 2971 719 3033 de
734 2971 918 3048 Bezerunoia,
935 2971 971 3034 de
985 2971 1113 3050 Bnunm,
1130 2973 1166 3036 de

102 3069 177 3133 creir.

139 3165 411 3249 1019.1tem‚quod.
428 3165 641 3228 instrumentum
655 3165 788 3247 smiptom
802 3183 885 3228 meno
899 3164 1004 3228 Aiberti
1020 3165 1057 3228 rie
1075 3171 1167 3250 Bray·

104 3261 195 3328 donor.
210 3266 280 3348 pub.
294 3265 347 3327 sub
361 3283 436 3326 anno
450 3263 504 3326 tini
525 3269 730 3340 M⁰CCC⁰11110,
756 3281 776 3326 tr
791 3262 903 3341 indict.²
913 3262 960 3326 die
976 3261 1071 3325 ultimo
1084 3282 1167 3326 men-

31 3395 36 3406 ·
105 3359 136 3421 sin
148 3364 237 3441 medii,
250 3362 397 3425 continens
411 3359 571 3442 homagium
591 3371 623 3424 et
638 3359 858 3441 remgnitionem
878 3359 982 3422 iactum
998 3378 1049 3441 per
1067 3365 1167 3442 Rugo-

105 3470 185 3521 netum
201 3461 235 3523 de
246 3467 350 3522 sancto
361 3459 484 3535 Andree,
498 3457 534 3521 de
547 3463 652 3520 sancto
661 3463 811 3535 (ternario,
828 3455 910 3519 domt
924 3455 1066 3538 delphino.

140 3573 218 3619 rozo.
242 3565 324 3634 item,
350 3555 439 3638 quod.
469 3555 548 3636 nubi.
571 3554 783 3646 instrumentum
807 3553 941 3635 scriptum
961 3573 1045 3616 meno
1065 3553 1168 3617 Humb¹

109 3651 175 3715 Pieri
188 3669 246 3717 not.
264 3655 333 3736 pub.
357 3653 410 3716 sub
431 3671 505 3714 emto
532 3652 586 3718 Diti
609 3657 894 3728 M⁰CCC⁰XXXVlit,
918 3651 1035 3732 soptim
1055 3650 1166 3728 indict,

108 3745 145 3810 die
155 3750 242 3814 uitirm
248 3751 351 3814 mensis
362 3749 489 3830 januarii,
508 3749 653 3811 continens
670 3748 829 3829 homagium
843 3748 938 3828 ligium
954 3748 1097 3828 prestitum
1118 3765 1168 3829 per

109 3841 175 3907 dom.
188 3848 339 3929 Guigonern
353 3847 388 3908 de
403 3845 558 3908 Rossillone
572 3845 698 3919 mititem,
715 3844 912 3907 condominuro
928 3845 1073 3926 Bochogii,
1091 3845 1169 3908 dorot
1258 3853 1260 3861 ’

109 3938 224 4022 dopmno
237 3944 385 4009 viennensi
399 3957 427 4006 et
438 3942 662 4024 recognitionem
685 3959 736 4022 per
747 3961 812 4002 eune
824 3940 930 4003 ientmn
950 3939 987 4002 de
1009 3940 1095 4006 donn
1117 3959 1168 4002 sne

109 4037 259 4106 tornisarni
272 4041 585 4124 Julianietdepiuribus
599 4039 658 4102 aliis
672 4053 703 4101 ut
718 4039 874 4102 continetur
884 4037 912 4100 in
921 4037 1012 4101 instro
1027 4038 1107 4118 pred.

149 4156 225 4202 toci.
241 4149 319 4219 item,
329 4140 418 4222 qued.
430 4139 513 4202 litere
522 4151 682 4201 manaen
703 4137 782 4200 dont
800 4136 932 4200 Heinrico
943 4136 981 4198 rie
995 4134 1166 4216 Burgundio,
