2936 4898
103 580 196 659 argenti
210 580 360 661 prolegato
370 579 421 642 sibi
437 581 509 642 lacto
520 599 569 661 per
578 580 679 643 dictam
693 581 770 643 dom.
782 581 936 643 beatricem
945 594 973 643 et
983 581 1162 664 quitationem

103 675 131 738 de
144 675 283 756 predictis.

138 791 199 852 372.
219 779 298 851 Item,
309 773 394 855 qued.
410 774 499 836 littera
509 774 538 836 in
553 774 685 856 pendenti
699 775 826 857 sigillata,
843 771 989 839 continens
996 775 1071 858 quod
1085 774 1162 837 dom.

104 877 175 950 IIugo
192 870 323 932 Richardi
339 854 483 933 confessus
503 871 555 934 fuit
567 891 599 934 se
614 885 710 934 tenere
727 872 755 934 in
772 872 884 935 feudum
901 893 917 935 a
934 874 1014 935 domo
1038 872 1165 955 Guigone

102 966 220 1047 dalphino
236 967 361 1048 quitquid
376 968 535 1031 habebatin
550 982 642 1032 castro
656 981 684 1030 et
694 968 890 1032 mandamento
900 970 936 1032 de
954 977 1044 1032 Perau
1053 983 1083 1033 et
1098 988 1165 1051 per-

101 1061 209 1125 tinentiis
224 1063 359 1142 ejusdem,
389 1077 417 1126 et
443 1083 494 1145 pro
511 1066 642 1146 predictis
668 1066 826 1147 homagium
855 1066 949 1148 ligium
976 1067 1067 1129 eidem
1088 1065 1186 1141 fecit„

103 1160 193 1241 scripta
204 1161 258 1223 sub
271 1180 345 1223 anno
361 1162 415 1224 Diri
436 1169 627 1240 III⁰CC0LIII⁰,
642 1164 739 1226 indict.
756 1176 808 1226 κν.

137 1275 200 1336 373.
217 1265 298 1332 Item,
311 1258 397 1340 quod.
408 1259 619 1324 instrumentum
634 1262 766 1343 scriptum
773 1281 856 1324 manu
868 1260 1027 1344 Berengarii
1035 1259 1164 1341 Crispini,

103 1352 146 1413 sub
158 1372 229 1415 anno
246 1354 301 1415 Dr'ri
316 1360 417 1416 II⁰CC⁰
433 1367 546 1438 octuag⁰
562 1364 636 1434 VII⁰,
654 1372 694 1420 ur¹
707 1357 873 1439 septenbris,
887 1359 1032 1421 continens
1041 1357 1168 1420 inventa·

104 1447 162 1510 rium
176 1449 313 1512 bonorum
329 1466 505 1533 receptorum
523 1455 671 1517 aJohanne
681 1455 717 1516 de
732 1461 821 1517 cruce
841 1467 847 1498 ¹
864 1474 914 1536 per
936 1454 1115 1517 Jacelmetum
1131 1453 1166 1516 de

106 1547 282 1630 Prayvellum,
299 1549 478 1612 castellanum
502 1551 538 1613 de
554 1552 642 1628 Valle,
671 1551 783 1614 nomine
811 1551 885 1613 dom¹
902 1551 1024 1632 delphini
1055 1551 1168 1614 racione

106 1643 168 1706 dicte
183 1645 353 1708 castellanie.

141 1755 201 1816 374.
221 1745 290 1800 Item
311 1753 451 1819 repertum
467 1755 511 1804 est
528 1741 615 1823 quod.
645 1742 804 1804 memoriale
832 1741 940 1804 comitis
965 1741 1185 1817 Gebennensis„

106 1834 238 1904 continens
249 1835 414 1899 concordias
427 1838 514 1902 lactas
530 1839 602 1901 inter
614 1838 704 1922 ipsum
717 1840 845 1902 comitem
861 1852 889 1902 et
910 1839 986 1900 dom.
1014 1837 1168 1920 Guigonem

108 1929 234 1993 dominum
253 1932 423 2013 Fucigniaci,
447 1954 530 2017 super
547 1949 638 1998 castro
667 1935 799 2011 Gallardi,
831 1935 915 1997 videl.
938 1934 1013 2015 quod
1040 1933 1169 1998 dominus

109 2027 252 2110 Fucigniaci
263 2029 351 2108 possit
362 2030 454 2093 lacere
468 2051 583 2113 guerras
598 2045 696 2095 contra
710 2049 899 2115 quascumque
913 2023 1048 2112 personas
1063 2043 1091 2092 et
1104 2049 1170 2092 con-

109 2139 142 2186 tra
154 2128 279 2189 comitem
310 2126 459 2205 sabaudie,
489 2143 517 2192 et
541 2130 620 2212 plura
635 2131 688 2193 alia
709 2131 804 2213 quein
821 2129 896 2192 dicto
909 2127 1063 2192 memoriali
1078 2128 1170 2190 conti-

77 2300 79 2306 ·
110 2237 195 2286 nentur
209 2224 384 2306 sigillatoque
401 2225 510 2288 duobus
521 2227 616 2308 sigillis
629 2227 658 2289 in
668 2227 811 2308 pendenti.
1090 2291 1098 2298 ,

144 2338 204 2402 375.
218 2329 297 2398 Item,
314 2321 398 2403 qued.
414 2323 504 2385 littera
530 2323 608 2402 cujus
624 2323 743 2405 sigillum
769 2342 826 2385 non
855 2335 981 2404 apparet,
1002 2319 1104 2402 scripta
1119 2319 1171 2383 sub

111 2433 173 2478 anno
187 2418 239 2479 Diri
253 2424 498 2496 M⁰CC⁰IIIIIIIX⁰,
512 2437 545 2481 νο
562 2420 625 2482 idus
638 2419 731 2496 madii,
749 2419 894 2482 continens
921 2416 995 2499 quod
1011 2416 1171 2479 Guillelmus

113 2513 226 2577 Richardi
243 2529 271 2579 et
283 2535 354 2579 uxor
367 2517 485 2580 condam
500 2517 576 2580 Petri
593 2517 628 2580 de
646 2515 822 2599 Bellagarda,
848 2529 936 2581 mater
950 2529 977 2577 et
989 2514 1075 2577 tutrIx
1099 2514 1172 2578 libe·

111 2629 191 2674 ronrm
202 2614 337 2693 ejusdem,
351 2629 434 2698 atque
447 2615 618 2678 Jocerandus
632 2614 742 2698 Aymari
774 2614 876 2677 tutorio
901 2603 1172 2676 nomine'cesserunt

110 2706 297 2791 inperpetuum
323 2725 443 2774 castrum
464 2713 498 2775 de
523 2713 600 2775 Bella
626 2711 739 2774 Guarda
762 2712 814 2774 sub
829 2711 1164 2776 dominioViennensiset

113 2805 211 2872 IlbonIs
224 2809 382 2887 comitatus,
397 2811 486 2892 ipsum
504 2825 624 2874 castrum
642 2811 677 2872 de
691 2810 776 2872 leudo
790 2808 913 2889 ejusdem
926 2810 1072 2874 comitatus
1081 2809 1172 2872 sussi-

114 2903 206 2982 pientes
214 2908 241 2970 in
254 2907 368 2971 feudum
382 2909 527 2972 reddibile.

149 3004 207 3081 376.
223 3013 301 3082 Item,
334 3006 419 3086 qued.
442 3007 532 3069 littera
551 3006 652 3087 scripta
680 3024 754 3066 anno
771 3006 824 3067 uni
843 3010 1003 3079 M⁰CC⁰LI⁰,
1024 3012 1076 3064 vrr⁰
1099 3002 1172 3085 ydus
1191 3065 1194 3074 ,

113 3101 265 3178 septenbris,
301 3103 447 3165 continens
480 3103 555 3185 quod
594 3102 721 3183 Philippa
750 3102 890 3165 comitissa
920 3100 1065 3164 Valentina
1096 3099 1173 3164 dedit

114 3197 231 3276 Rogerio,
257 3198 313 3262 lilio
340 3197 392 3260 viri
414 3199 513 3262 nobilis
539 3199 614 3262 Petri
638 3198 799 3275 bermondi,
829 3211 950 3261 castrum
965 3211 993 3260 et
1018 3210 1120 3260 terram
1135 3196 1171 3259 de

112 3291 243 3375 Clayriaco
258 3309 286 3360 et
295 3296 373 3377 quod
388 3297 505 3378 rogabat
516 3296 592 3358 dom.
610 3297 765 3378 Guigonem
790 3296 949 3378 dalphinum
974 3295 1048 3377 quod
1066 3294 1171 3356 dictum

113 3392 247 3471 Rogerium
261 3393 392 3456 retineret
403 3393 522 3456 dedicta
538 3408 612 3456 terra
626 3407 654 3456 et
666 3393 819 3456 investiret.

149 3505 208 3567 377.
225 3497 304 3569 Item,
314 3491 400 3572 quod.
416 3490 535 3552 vidimus
549 3491 652 3553 lactum
667 3490 719 3553 sub
731 3510 805 3553 anno
826 3489 880 3550 Diri
893 3494 1114 3564 II⁰III⁶XIIIIV⁰,
1128 3486 1173 3550 die

111 3581 207 3648 sabbati
222 3587 250 3649 in
268 3589 339 3651 festo
363 3587 389 3652 b¹
411 3582 522 3650 Martini
544 3586 688 3670 hyemalis,
714 3589 846 3667 scriptum
873 3605 955 3648 manu
978 3584 1110 3647 Iohannis
1137 3584 1173 3647 de

113 3679 251 3765 Polongiis,
267 3685 412 3747 continens
428 3698 621 3747 testamentum
647 3683 775 3768 Sylvonis
794 3683 830 3745 de
847 3682 1001 3765 Clayriaco.

150 3781 209 3857 378.
227 3789 304 3859 Item,
323 3782 408 3865 quod.
430 3783 641 3845 instrumentum
654 3782 785 3862 scriptum
808 3799 890 3841 manu
910 3779 1040 3861 Stephani
1059 3777 1173 3841 Roberti

112 3873 143 3936 de
158 3878 273 3958 vapinco
286 3880 385 3942 notarii
399 3880 476 3961 publ.
492 3893 520 3942 et
531 3880 668 3962 signatum
679 3879 764 3962 signis
781 3879 897 3941 aliorum
921 3898 970 3940 sex
988 3878 1170 3952 notariorum,

112 3973 158 4035 sub
180 3995 248 4040 anno
277 3977 331 4040 Diri
354 3985 522 4054 IIIIII⁰IIL⁰,
539 3978 623 4041 indic.
641 3990 715 4052 unu,
738 3977 783 4038 die
798 3989 846 4038 xx³
867 3974 968 4037 mensis
990 3973 1068 4053 iunii,
1086 3973 1174 4035 conti-

148 4194 168 4231 1.
184 4181 214 4234 Aa
227 4181 314 4276 Turre.
