<?xml version="1.0" encoding="UTF-8"?>
<!DOCTYPE html PUBLIC "-//W3C//DTD XHTML 1.0 Transitional//EN"
    "http://www.w3.org/TR/xhtml1/DTD/xhtml1-transitional.dtd">
<html xmlns="http://www.w3.org/1999/xhtml" xml:lang="en" lang="en">
 <head>
  <title>
</title>
<meta http-equiv="Content-Type" content="text/html;charset=utf-8" />
  <meta name='ocr-system' content='tesseract 3.04.00' />
  <meta name='ocr-capabilities' content='ocr_page ocr_carea ocr_par ocr_line ocrx_word'/>
</head>
<body>
  <div class='ocr_page' id='page_1' title='image "./inventairedesar00glgoog/inventairedesar00glgoog_0259.png"; bbox 0 0 2842 4900; ppageno 0'>
   <div class='ocr_carea' id='block_1_1' title="bbox 613 468 892 546">
    <p class='ocr_par' dir='ltr' id='par_1_1' title="bbox 613 468 892 546">
     <span class='ocr_line' id='line_1_1' title="bbox 613 468 892 546; baseline 0 -14"><span class='ocrx_word' id='word_1_1' title='bbox 613 468 617 477; x_wconf 86' lang='lat'>&#39;</span> <span class='ocrx_word' id='word_1_2' title='bbox 713 485 892 546; x_wconf 70' lang='lat' dir='ltr'>-aao-</span> 
     </span>
    </p>
   </div>
   <div class='ocr_carea' id='block_1_2' title="bbox 170 593 1397 3989">
    <p class='ocr_par' dir='ltr' id='par_1_2' title="bbox 189 593 1325 1170">
     <span class='ocr_line' id='line_1_2' title="bbox 261 593 1319 680; baseline -0.009 -16"><span class='ocrx_word' id='word_1_3' title='bbox 261 601 392 664; x_wconf 89' lang='lat' dir='ltr'>librarum</span> <span class='ocrx_word' id='word_1_4' title='bbox 405 601 507 662; x_wconf 84' lang='lat' dir='ltr'>factam</span> <span class='ocrx_word' id='word_1_5' title='bbox 523 617 574 680; x_wconf 89' lang='lat' dir='ltr'>per</span> <span class='ocrx_word' id='word_1_6' title='bbox 586 600 664 663; x_wconf 84' lang='lat' dir='ltr'>dom.</span> <span class='ocrx_word' id='word_1_7' title='bbox 677 598 823 680; x_wconf 78' lang='lat' dir='ltr'>hguedum</span> <span class='ocrx_word' id='word_1_8' title='bbox 845 598 881 662; x_wconf 90' lang='lat' dir='ltr'>de</span> <span class='ocrx_word' id='word_1_9' title='bbox 908 597 1023 672; x_wconf 84' lang='lat' dir='ltr'>Baucio,</span> <span class='ocrx_word' id='word_1_10' title='bbox 1040 593 1183 658; x_wconf 83' lang='lat' dir='ltr'>dominum</span> <span class='ocrx_word' id='word_1_11' title='bbox 1198 593 1319 667; x_wconf 81' lang='lat' dir='ltr'>Brantuli,</span> 
     </span>
     <span class='ocr_line' id='line_1_3' title="bbox 262 689 1323 778; baseline -0.008 -17"><span class='ocrx_word' id='word_1_12' title='bbox 262 698 343 762; x_wconf 85' lang='lat' dir='ltr'>d0m⁰</span> <span class='ocrx_word' id='word_1_13' title='bbox 353 695 471 760; x_wconf 83' lang='lat' dir='ltr'>lohanni</span> <span class='ocrx_word' id='word_1_14' title='bbox 482 694 613 777; x_wconf 92' lang='lat' dir='ltr'>dalphino</span> <span class='ocrx_word' id='word_1_15' title='bbox 627 695 767 778; x_wconf 90' lang='lat' dir='ltr'>inquibus</span> <span class='ocrx_word' id='word_1_16' title='bbox 781 695 872 761; x_wconf 88' lang='lat' dir='ltr'>eidem</span> <span class='ocrx_word' id='word_1_17' title='bbox 886 694 963 762; x_wconf 86' lang='lat' dir='ltr'>dom.</span> <span class='ocrx_word' id='word_1_18' title='bbox 979 690 1251 776; x_wconf 78' lang='lat' dir='ltr'>hgoodotcncbatur</span> <span class='ocrx_word' id='word_1_19' title='bbox 1260 689 1323 752; x_wconf 81' lang='lat' dir='ltr'>iden</span> 
     </span>
     <span class='ocr_line' id='line_1_4' title="bbox 262 785 1325 876; baseline -0.01 -18"><span class='ocrx_word' id='word_1_20' title='bbox 262 795 339 860; x_wconf 91' lang='lat' dir='ltr'>dom.</span> <span class='ocrx_word' id='word_1_21' title='bbox 356 793 504 876; x_wconf 72' lang='lat' dir='ltr'>delphinus</span> <span class='ocrx_word' id='word_1_22' title='bbox 512 806 569 856; x_wconf 91' lang='lat' dir='ltr'>tam</span> <span class='ocrx_word' id='word_1_23' title='bbox 583 792 695 858; x_wconf 82' lang='lat' dir='ltr'>racione</span> <span class='ocrx_word' id='word_1_24' title='bbox 706 791 828 874; x_wconf 82' lang='lat' dir='ltr'>homagii</span> <span class='ocrx_word' id='word_1_25' title='bbox 839 811 921 873; x_wconf 88' lang='lat' dir='ltr'>quam</span> <span class='ocrx_word' id='word_1_26' title='bbox 933 791 1046 854; x_wconf 90' lang='lat' dir='ltr'>racione</span> <span class='ocrx_word' id='word_1_27' title='bbox 1054 789 1121 869; x_wconf 80' lang='lat' dir='ltr'>iuris</span> <span class='ocrx_word' id='word_1_28' title='bbox 1131 787 1206 870; x_wconf 90' lang='lat' dir='ltr'>quod</span> <span class='ocrx_word' id='word_1_29' title='bbox 1217 785 1325 848; x_wconf 88' lang='lat' dir='ltr'>habebat</span> 
     </span>
     <span class='ocr_line' id='line_1_5' title="bbox 261 881 1325 971; baseline -0.011 -15"><span class='ocrx_word' id='word_1_30' title='bbox 261 891 336 956; x_wconf 88' lang='lat' dir='ltr'>idem</span> <span class='ocrx_word' id='word_1_31' title='bbox 346 892 423 955; x_wconf 90' lang='lat' dir='ltr'>dom.</span> <span class='ocrx_word' id='word_1_32' title='bbox 437 889 571 971; x_wconf 83' lang='lat' dir='ltr'>hgoudos</span> <span class='ocrx_word' id='word_1_33' title='bbox 583 889 611 954; x_wconf 88' lang='lat' dir='ltr'>in</span> <span class='ocrx_word' id='word_1_34' title='bbox 625 901 699 954; x_wconf 87' lang='lat' dir='ltr'>terra</span> <span class='ocrx_word' id='word_1_35' title='bbox 708 888 813 954; x_wconf 88' lang='lat' dir='ltr'>domini</span> <span class='ocrx_word' id='word_1_36' title='bbox 829 887 1006 964; x_wconf 71' lang='lat' dir='ltr'>Medulorum,</span> <span class='ocrx_word' id='word_1_37' title='bbox 1018 887 1150 967; x_wconf 90' lang='lat' dir='ltr'>scripturn</span> <span class='ocrx_word' id='word_1_38' title='bbox 1165 904 1246 948; x_wconf 88' lang='lat' dir='ltr'>manu</span> <span class='ocrx_word' id='word_1_39' title='bbox 1259 881 1325 945; x_wconf 89' lang='lat' dir='ltr'>Gul-</span> 
     </span>
     <span class='ocr_line' id='line_1_6' title="bbox 261 980 1323 1069; baseline -0.008 -18"><span class='ocrx_word' id='word_1_40' title='bbox 261 988 335 1051; x_wconf 88' lang='lat' dir='ltr'>lelmi</span> <span class='ocrx_word' id='word_1_41' title='bbox 351 994 442 1052; x_wconf 87' lang='lat' dir='ltr'>Gruer</span> <span class='ocrx_word' id='word_1_42' title='bbox 459 988 495 1050; x_wconf 87' lang='lat' dir='ltr'>de</span> <span class='ocrx_word' id='word_1_43' title='bbox 519 986 645 1052; x_wconf 85' lang='lat' dir='ltr'>Beduino</span> <span class='ocrx_word' id='word_1_44' title='bbox 660 987 759 1050; x_wconf 90' lang='lat' dir='ltr'>notarii</span> <span class='ocrx_word' id='word_1_45' title='bbox 776 987 854 1069; x_wconf 86' lang='lat' dir='ltr'>publ.</span> <span class='ocrx_word' id='word_1_46' title='bbox 871 986 923 1050; x_wconf 89' lang='lat' dir='ltr'>sub</span> <span class='ocrx_word' id='word_1_47' title='bbox 933 1003 1007 1048; x_wconf 90' lang='lat' dir='ltr'>anno</span> <span class='ocrx_word' id='word_1_48' title='bbox 1018 991 1128 1046; x_wconf 87' lang='lat' dir='ltr'>lncarn.</span> <span class='ocrx_word' id='word_1_49' title='bbox 1145 980 1198 1044; x_wconf 84' lang='lat' dir='ltr'>oni</span> <span class='ocrx_word' id='word_1_50' title='bbox 1209 986 1323 1044; x_wconf 84' lang='lat' dir='ltr'><strong>M⁰CCC⁰</strong></span> 
     </span>
     <span class='ocr_line' id='line_1_7' title="bbox 189 1083 1235 1170; baseline 0 -22"><span class='ocrx_word' id='word_1_51' title='bbox 189 1099 190 1102; x_wconf 73' lang='grc'>’</span> <span class='ocrx_word' id='word_1_52' title='bbox 261 1089 379 1162; x_wconf 85' lang='lat' dir='ltr'>llvlll⁰,</span> <span class='ocrx_word' id='word_1_53' title='bbox 393 1083 437 1148; x_wconf 89' lang='lat' dir='ltr'>sil.</span> <span class='ocrx_word' id='word_1_54' title='bbox 453 1095 546 1154; x_wconf 83' lang='lat' dir='ltr'>xxurr⁰</span> <span class='ocrx_word' id='word_1_55' title='bbox 557 1083 602 1148; x_wconf 89' lang='lat' dir='ltr'>die</span> <span class='ocrx_word' id='word_1_56' title='bbox 614 1083 718 1148; x_wconf 86' lang='lat' dir='ltr'>mensis</span> <span class='ocrx_word' id='word_1_57' title='bbox 730 1083 836 1165; x_wconf 89' lang='lat' dir='ltr'>aprilis.</span> <span class='ocrx_word' id='word_1_58' title='bbox 1232 1153 1235 1170; x_wconf 36' lang='lat'><strong>¹</strong></span> 
     </span>
    </p>

    <p class='ocr_par' dir='ltr' id='par_1_3' title="bbox 261 1177 1325 1852">
     <span class='ocr_line' id='line_1_8' title="bbox 306 1177 1325 1263; baseline -0.004 -20"><span class='ocrx_word' id='word_1_59' title='bbox 306 1198 391 1262; x_wconf 83' lang='lat'>¹²99·</span> <span class='ocrx_word' id='word_1_60' title='bbox 408 1187 487 1256; x_wconf 83' lang='lat' dir='ltr'><strong>Item,</strong></span> <span class='ocrx_word' id='word_1_61' title='bbox 502 1180 587 1262; x_wconf 88' lang='lat' dir='ltr'>quad.</span> <span class='ocrx_word' id='word_1_62' title='bbox 604 1180 640 1244; x_wconf 90' lang='lat' dir='ltr'>al.</span> <span class='ocrx_word' id='word_1_63' title='bbox 662 1181 752 1244; x_wconf 89' lang='lat' dir='ltr'>littera</span> <span class='ocrx_word' id='word_1_64' title='bbox 766 1180 794 1244; x_wconf 93' lang='lat' dir='ltr'>in</span> <span class='ocrx_word' id='word_1_65' title='bbox 807 1199 978 1263; x_wconf 76' lang='lat' dir='ltr'>pergameno</span> <span class='ocrx_word' id='word_1_66' title='bbox 991 1179 1106 1260; x_wconf 87' lang='lat' dir='ltr'>scripta,</span> <span class='ocrx_word' id='word_1_67' title='bbox 1129 1177 1246 1259; x_wconf 88' lang='lat' dir='ltr'>sigillata</span> <span class='ocrx_word' id='word_1_68' title='bbox 1259 1177 1284 1239; x_wconf 92' lang='lat' dir='ltr'>in</span> <span class='ocrx_word' id='word_1_69' title='bbox 1293 1177 1325 1240; x_wconf 90' lang='lat' dir='ltr'>si·</span> 
     </span>
     <span class='ocr_line' id='line_1_9' title="bbox 261 1274 1325 1360; baseline -0.005 -20"><span class='ocrx_word' id='word_1_70' title='bbox 261 1277 327 1360; x_wconf 87' lang='lat' dir='ltr'>gillo</span> <span class='ocrx_word' id='word_1_71' title='bbox 347 1276 478 1359; x_wconf 82' lang='lat' dir='ltr'><strong>pendenti</strong></span> <span class='ocrx_word' id='word_1_72' title='bbox 501 1295 565 1340; x_wconf 87' lang='lat' dir='ltr'>cera</span> <span class='ocrx_word' id='word_1_73' title='bbox 586 1276 683 1353; x_wconf 90' lang='lat' dir='ltr'>rubea,</span> <span class='ocrx_word' id='word_1_74' title='bbox 711 1291 838 1340; x_wconf 83' lang='lat' dir='ltr'>emanata</span> <span class='ocrx_word' id='word_1_75' title='bbox 862 1298 878 1340; x_wconf 86' lang='lat' dir='ltr'>a</span> <span class='ocrx_word' id='word_1_76' title='bbox 903 1290 983 1358; x_wconf 88' lang='lat' dir='ltr'>patre</span> <span class='ocrx_word' id='word_1_77' title='bbox 1011 1276 1088 1339; x_wconf 74' lang='lat' dir='ltr'>revdo</span> <span class='ocrx_word' id='word_1_78' title='bbox 1102 1275 1178 1338; x_wconf 87' lang='lat' dir='ltr'>dom.</span> <span class='ocrx_word' id='word_1_79' title='bbox 1206 1274 1325 1338; x_wconf 87' lang='lat' dir='ltr'>Galberto</span> 
     </span>
     <span class='ocr_line' id='line_1_10' title="bbox 261 1371 1324 1457; baseline -0.004 -21"><span class='ocrx_word' id='word_1_80' title='bbox 261 1373 413 1438; x_wconf 83' lang='lat' dir='ltr'>hralatensi</span> <span class='ocrx_word' id='word_1_81' title='bbox 440 1371 660 1457; x_wconf 87' lang='lat' dir='ltr'>archiepiscopo,</span> <span class='ocrx_word' id='word_1_82' title='bbox 685 1373 837 1438; x_wconf 84' lang='lat' dir='ltr'>camerario</span> <span class='ocrx_word' id='word_1_83' title='bbox 856 1372 930 1436; x_wconf 85' lang='lat' dir='ltr'>dom¹</span> <span class='ocrx_word' id='word_1_84' title='bbox 948 1393 1020 1455; x_wconf 89' lang='lat' dir='ltr'>pape</span> <span class='ocrx_word' id='word_1_85' title='bbox 1040 1372 1184 1448; x_wconf 75' lang='lat' dir='ltr'>lobannis,</span> <span class='ocrx_word' id='word_1_86' title='bbox 1198 1371 1249 1434; x_wconf 89' lang='lat' dir='ltr'>sub</span> <span class='ocrx_word' id='word_1_87' title='bbox 1262 1391 1324 1434; x_wconf 90' lang='lat' dir='ltr'>anno</span> 
     </span>
     <span class='ocr_line' id='line_1_11' title="bbox 262 1468 1325 1548; baseline -0.002 -14"><span class='ocrx_word' id='word_1_88' title='bbox 262 1477 536 1548; x_wconf 81' lang='lat' dir='ltr'>M⁰CCC⁰Xlllllll⁰,</span> <span class='ocrx_word' id='word_1_89' title='bbox 552 1471 596 1534; x_wconf 90' lang='lat' dir='ltr'>die</span> <span class='ocrx_word' id='word_1_90' title='bbox 605 1482 683 1533; x_wconf 75' lang='lat' dir='ltr'>xxrx³</span> <span class='ocrx_word' id='word_1_91' title='bbox 695 1472 800 1546; x_wconf 83' lang='lat' dir='ltr'>mensis</span> <span class='ocrx_word' id='word_1_92' title='bbox 812 1471 887 1548; x_wconf 90' lang='lat' dir='ltr'>maii,</span> <span class='ocrx_word' id='word_1_93' title='bbox 903 1471 1049 1534; x_wconf 91' lang='lat' dir='ltr'>continens</span> <span class='ocrx_word' id='word_1_94' title='bbox 1062 1469 1232 1535; x_wconf 87' lang='lat' dir='ltr'>solucionem</span> <span class='ocrx_word' id='word_1_95' title='bbox 1246 1468 1325 1532; x_wconf 89' lang='lat' dir='ltr'>onde-</span> 
     </span>
     <span class='ocr_line' id='line_1_12' title="bbox 261 1565 1322 1650; baseline -0.008 -16"><span class='ocrx_word' id='word_1_96' title='bbox 261 1567 314 1634; x_wconf 87' lang='lat' dir='ltr'>cim</span> <span class='ocrx_word' id='word_1_97' title='bbox 330 1567 473 1632; x_wconf 85' lang='lat' dir='ltr'>unciarum</span> <span class='ocrx_word' id='word_1_98' title='bbox 489 1568 596 1650; x_wconf 83' lang='lat' dir='ltr'>argenti</span> <span class='ocrx_word' id='word_1_99' title='bbox 616 1569 717 1632; x_wconf 87' lang='lat' dir='ltr'>iactam</span> <span class='ocrx_word' id='word_1_100' title='bbox 732 1569 807 1632; x_wconf 92' lang='lat' dir='ltr'>dicto</span> <span class='ocrx_word' id='word_1_101' title='bbox 821 1568 1042 1649; x_wconf 86' lang='lat' dir='ltr'>archiepiscopo,</span> <span class='ocrx_word' id='word_1_102' title='bbox 1060 1567 1173 1630; x_wconf 91' lang='lat' dir='ltr'>nomine</span> <span class='ocrx_word' id='word_1_103' title='bbox 1182 1565 1246 1628; x_wconf 87' lang='lat' dir='ltr'>dicti</span> <span class='ocrx_word' id='word_1_104' title='bbox 1257 1566 1322 1626; x_wconf 90' lang='lat' dir='ltr'>dom.</span> 
     </span>
     <span class='ocr_line' id='line_1_13' title="bbox 261 1655 1325 1749; baseline -0.004 -18"><span class='ocrx_word' id='word_1_105' title='bbox 261 1686 344 1748; x_wconf 88' lang='lat' dir='ltr'>pape,</span> <span class='ocrx_word' id='word_1_106' title='bbox 359 1665 495 1748; x_wconf 78' lang='lat' dir='ltr'>perdono.</span> <span class='ocrx_word' id='word_1_107' title='bbox 512 1667 697 1730; x_wconf 85' lang='lat' dir='ltr'>Bertrandum</span> <span class='ocrx_word' id='word_1_108' title='bbox 712 1662 861 1732; x_wconf 85' lang='lat' dir='ltr'>Euchachii</span> <span class='ocrx_word' id='word_1_109' title='bbox 874 1655 927 1749; x_wconf 80' lang='lat' dir='ltr'>¹pro</span> <span class='ocrx_word' id='word_1_110' title='bbox 943 1666 1041 1732; x_wconf 87' lang='lat' dir='ltr'>castris</span> <span class='ocrx_word' id='word_1_111' title='bbox 1051 1667 1087 1730; x_wconf 90' lang='lat' dir='ltr'>de</span> <span class='ocrx_word' id='word_1_112' title='bbox 1096 1665 1205 1743; x_wconf 85' lang='lat' dir='ltr'>Nionis,</span> <span class='ocrx_word' id='word_1_113' title='bbox 1217 1664 1250 1728; x_wconf 89' lang='lat' dir='ltr'>de</span> <span class='ocrx_word' id='word_1_114' title='bbox 1259 1664 1325 1728; x_wconf 81' lang='lat' dir='ltr'>niri-</span> 
     </span>
     <span class='ocr_line' id='line_1_14' title="bbox 261 1763 1132 1852; baseline 0.007 -24"><span class='ocrx_word' id='word_1_115' title='bbox 261 1764 336 1828; x_wconf 88' lang='lat' dir='ltr'>bello</span> <span class='ocrx_word' id='word_1_116' title='bbox 351 1765 427 1852; x_wconf 88' lang='lat' dir='ltr'>etde</span> <span class='ocrx_word' id='word_1_117' title='bbox 440 1763 600 1830; x_wconf 84' lang='lat' dir='ltr'>vinsobrio.</span> <span class='ocrx_word' id='word_1_118' title='bbox 1130 1830 1132 1834; x_wconf 87' lang='lat'>.</span> 
     </span>
    </p>

    <p class='ocr_par' dir='ltr' id='par_1_4' title="bbox 261 1859 1397 2334">
     <span class='ocr_line' id='line_1_15' title="bbox 306 1859 1324 1944; baseline -0.006 -18"><span class='ocrx_word' id='word_1_119' title='bbox 306 1879 390 1940; x_wconf 85' lang='lat' dir='ltr'>r3oo.</span> <span class='ocrx_word' id='word_1_120' title='bbox 410 1868 491 1938; x_wconf 91' lang='lat' dir='ltr'>ltem,</span> <span class='ocrx_word' id='word_1_121' title='bbox 505 1861 592 1944; x_wconf 90' lang='lat' dir='ltr'>quod.</span> <span class='ocrx_word' id='word_1_122' title='bbox 610 1861 647 1924; x_wconf 91' lang='lat' dir='ltr'>al.</span> <span class='ocrx_word' id='word_1_123' title='bbox 660 1859 872 1927; x_wconf 85' lang='lat' dir='ltr'>instrumentum</span> <span class='ocrx_word' id='word_1_124' title='bbox 896 1861 1042 1925; x_wconf 88' lang='lat' dir='ltr'>continens</span> <span class='ocrx_word' id='word_1_125' title='bbox 1065 1861 1254 1925; x_wconf 87' lang='lat' dir='ltr'>vendicionem</span> <span class='ocrx_word' id='word_1_126' title='bbox 1270 1875 1324 1920; x_wconf 87' lang='lat' dir='ltr'>ne·</span> 
     </span>
     <span class='ocr_line' id='line_1_16' title="bbox 261 1951 1321 2043; baseline -0.008 -19"><span class='ocrx_word' id='word_1_127' title='bbox 261 1959 372 2024; x_wconf 87' lang='lat' dir='ltr'>dietatis</span> <span class='ocrx_word' id='word_1_128' title='bbox 390 1960 473 2023; x_wconf 89' lang='lat' dir='ltr'>castri</span> <span class='ocrx_word' id='word_1_129' title='bbox 485 1959 521 2023; x_wconf 90' lang='lat' dir='ltr'>de</span> <span class='ocrx_word' id='word_1_130' title='bbox 536 1959 638 2023; x_wconf 89' lang='lat' dir='ltr'>Ubrilis</span> <span class='ocrx_word' id='word_1_131' title='bbox 649 1959 723 2040; x_wconf 85' lang='lat' dir='ltr'>iacta</span> <span class='ocrx_word' id='word_1_132' title='bbox 737 1959 817 2022; x_wconf 81' lang='lat' dir='ltr'>dom⁰</span> <span class='ocrx_word' id='word_1_133' title='bbox 831 1959 997 2043; x_wconf 87' lang='lat' dir='ltr'>Raymondo</span> <span class='ocrx_word' id='word_1_134' title='bbox 1006 1959 1043 2023; x_wconf 93' lang='lat' dir='ltr'>de</span> <span class='ocrx_word' id='word_1_135' title='bbox 1052 1951 1321 2035; x_wconf 81' lang='lat' dir='ltr'>Medullion&#39;emajori,</span> 
     </span>
     <span class='ocr_line' id='line_1_17' title="bbox 261 2052 1323 2138; baseline -0.007 -17"><span class='ocrx_word' id='word_1_136' title='bbox 261 2058 374 2121; x_wconf 88' lang='lat' dir='ltr'>domino</span> <span class='ocrx_word' id='word_1_137' title='bbox 389 2058 470 2135; x_wconf 81' lang='lat' dir='ltr'>Buxi,</span> <span class='ocrx_word' id='word_1_138' title='bbox 486 2077 537 2138; x_wconf 91' lang='lat' dir='ltr'>per</span> <span class='ocrx_word' id='word_1_139' title='bbox 549 2057 625 2120; x_wconf 89' lang='lat' dir='ltr'>dom.</span> <span class='ocrx_word' id='word_1_140' title='bbox 638 2057 813 2121; x_wconf 88' lang='lat' dir='ltr'>Guillelmum</span> <span class='ocrx_word' id='word_1_141' title='bbox 829 2057 909 2120; x_wconf 87' lang='lat' dir='ltr'>Flota</span> <span class='ocrx_word' id='word_1_142' title='bbox 922 2057 1017 2138; x_wconf 89' lang='lat' dir='ltr'>precio</span> <span class='ocrx_word' id='word_1_143' title='bbox 1033 2065 1079 2121; x_wconf 81' lang='lat' dir='ltr'>llm</span> <span class='ocrx_word' id='word_1_144' title='bbox 1091 2052 1323 2130; x_wconf 78' lang='lat' dir='ltr'>solodorumbul·</span> 
     </span>
     <span class='ocr_line' id='line_1_18' title="bbox 261 2147 1321 2238; baseline -0.009 -18"><span class='ocrx_word' id='word_1_145' title='bbox 261 2156 345 2220; x_wconf 90' lang='lat' dir='ltr'>latum</span> <span class='ocrx_word' id='word_1_146' title='bbox 373 2156 449 2220; x_wconf 85' lang='lat' dir='ltr'>bulla</span> <span class='ocrx_word' id='word_1_147' title='bbox 478 2154 608 2238; x_wconf 89' lang='lat' dir='ltr'>plumbea</span> <span class='ocrx_word' id='word_1_148' title='bbox 632 2155 707 2218; x_wconf 90' lang='lat' dir='ltr'>curie</span> <span class='ocrx_word' id='word_1_149' title='bbox 734 2155 930 2238; x_wconf 80' lang='lat' dir='ltr'>Auraycensis,</span> <span class='ocrx_word' id='word_1_150' title='bbox 953 2155 1056 2220; x_wconf 89' lang='lat' dir='ltr'>iactum</span> <span class='ocrx_word' id='word_1_151' title='bbox 1073 2175 1157 2218; x_wconf 88' lang='lat' dir='ltr'>manu</span> <span class='ocrx_word' id='word_1_152' title='bbox 1173 2147 1321 2216; x_wconf 80' lang='lat' dir='ltr'>Bonihmici</span> 
     </span>
     <span class='ocr_line' id='line_1_19' title="bbox 261 2245 1397 2334; baseline -0.009 -18"><span class='ocrx_word' id='word_1_153' title='bbox 261 2252 360 2316; x_wconf 89' lang='lat' dir='ltr'>notarii</span> <span class='ocrx_word' id='word_1_154' title='bbox 374 2253 452 2334; x_wconf 86' lang='lat' dir='ltr'>publ.</span> <span class='ocrx_word' id='word_1_155' title='bbox 468 2252 520 2316; x_wconf 87' lang='lat' dir='ltr'>sub</span> <span class='ocrx_word' id='word_1_156' title='bbox 533 2271 606 2316; x_wconf 90' lang='lat' dir='ltr'>anno</span> <span class='ocrx_word' id='word_1_157' title='bbox 622 2261 731 2318; x_wconf 89' lang='lat' dir='ltr'>lncam.</span> <span class='ocrx_word' id='word_1_158' title='bbox 749 2253 838 2316; x_wconf 76' lang='lat' dir='ltr'>Dr&#39;nice</span> <span class='ocrx_word' id='word_1_159' title='bbox 851 2260 1097 2328; x_wconf 84' lang='lat' dir='ltr'>M⁰CC⁰XL.Vll⁰‚</span> <span class='ocrx_word' id='word_1_160' title='bbox 1112 2245 1320 2314; x_wconf 79' lang='lat' dir='ltr'>calendmarcii.</span> <span class='ocrx_word' id='word_1_161' title='bbox 1396 2295 1397 2300; x_wconf 62' lang='grc'>,</span> 
     </span>
    </p>

    <p class='ocr_par' dir='ltr' id='par_1_5' title="bbox 170 2347 1397 3402">
     <span class='ocr_line' id='line_1_20' title="bbox 306 2347 1397 2433; baseline -0.009 -19"><span class='ocrx_word' id='word_1_162' title='bbox 306 2368 390 2429; x_wconf 84' lang='lat'>¹30¹·</span> <span class='ocrx_word' id='word_1_163' title='bbox 408 2357 487 2426; x_wconf 83' lang='lat' dir='ltr'>Item,</span> <span class='ocrx_word' id='word_1_164' title='bbox 506 2350 593 2433; x_wconf 91' lang='lat' dir='ltr'>quod.</span> <span class='ocrx_word' id='word_1_165' title='bbox 610 2350 646 2414; x_wconf 85' lang='lat' dir='ltr'>al.</span> <span class='ocrx_word' id='word_1_166' title='bbox 672 2349 885 2414; x_wconf 87' lang='lat' dir='ltr'>instrumentum</span> <span class='ocrx_word' id='word_1_167' title='bbox 910 2349 1056 2413; x_wconf 90' lang='lat' dir='ltr'>continens</span> <span class='ocrx_word' id='word_1_168' title='bbox 1070 2347 1229 2430; x_wconf 84' lang='lat' dir='ltr'>homagium</span> <span class='ocrx_word' id='word_1_169' title='bbox 1248 2358 1322 2407; x_wconf 88' lang='lat' dir='ltr'>ctrc-</span> <span class='ocrx_word' id='word_1_170' title='bbox 1396 2351 1397 2413; x_wconf 80' lang='lat' dir='ltr'>l</span> 
     </span>
     <span class='ocr_line' id='line_1_21' title="bbox 261 2440 1322 2529; baseline -0.009 -19"><span class='ocrx_word' id='word_1_171' title='bbox 261 2447 453 2528; x_wconf 87' lang='lat' dir='ltr'>cognicionem</span> <span class='ocrx_word' id='word_1_172' title='bbox 477 2447 579 2510; x_wconf 89' lang='lat' dir='ltr'>iactum</span> <span class='ocrx_word' id='word_1_173' title='bbox 601 2461 629 2511; x_wconf 93' lang='lat' dir='ltr'>et</span> <span class='ocrx_word' id='word_1_174' title='bbox 653 2447 755 2511; x_wconf 87' lang='lat' dir='ltr'>iactam</span> <span class='ocrx_word' id='word_1_175' title='bbox 783 2467 833 2529; x_wconf 89' lang='lat' dir='ltr'>per</span> <span class='ocrx_word' id='word_1_176' title='bbox 853 2447 929 2509; x_wconf 89' lang='lat' dir='ltr'>dom.</span> <span class='ocrx_word' id='word_1_177' title='bbox 947 2447 1111 2512; x_wconf 90' lang='lat' dir='ltr'>Nicholaum</span> <span class='ocrx_word' id='word_1_178' title='bbox 1134 2441 1279 2508; x_wconf 89' lang='lat' dir='ltr'>Constantii</span> <span class='ocrx_word' id='word_1_179' title='bbox 1293 2440 1322 2501; x_wconf 90' lang='lat' dir='ltr'>de</span> 
     </span>
     <span class='ocr_line' id='line_1_22' title="bbox 259 2539 1321 2625; baseline -0.005 -20"><span class='ocrx_word' id='word_1_180' title='bbox 259 2544 340 2620; x_wconf 78' lang='lat' dir='ltr'>alba,</span> <span class='ocrx_word' id='word_1_181' title='bbox 367 2544 459 2625; x_wconf 88' lang='lat' dir='ltr'>legum</span> <span class='ocrx_word' id='word_1_182' title='bbox 487 2543 630 2608; x_wconf 88' lang='lat' dir='ltr'>doctorem</span> <span class='ocrx_word' id='word_1_183' title='bbox 658 2558 687 2608; x_wconf 92' lang='lat' dir='ltr'>et</span> <span class='ocrx_word' id='word_1_184' title='bbox 715 2545 839 2622; x_wconf 87' lang='lat' dir='ltr'>militem,</span> <span class='ocrx_word' id='word_1_185' title='bbox 861 2544 897 2607; x_wconf 88' lang='lat' dir='ltr'>de</span> <span class='ocrx_word' id='word_1_186' title='bbox 918 2556 1010 2608; x_wconf 89' lang='lat' dir='ltr'>castro</span> <span class='ocrx_word' id='word_1_187' title='bbox 1037 2559 1066 2608; x_wconf 91' lang='lat' dir='ltr'>et</span> <span class='ocrx_word' id='word_1_188' title='bbox 1078 2543 1217 2606; x_wconf 91' lang='lat' dir='ltr'>territorio</span> <span class='ocrx_word' id='word_1_189' title='bbox 1245 2539 1321 2602; x_wconf 87' lang='lat' dir='ltr'>castri</span> 
     </span>
     <span class='ocr_line' id='line_1_23' title="bbox 261 2637 1321 2717; baseline -0.006 -14"><span class='ocrx_word' id='word_1_190' title='bbox 261 2640 334 2703; x_wconf 87' lang='lat' dir='ltr'>Novi</span> <span class='ocrx_word' id='word_1_191' title='bbox 344 2640 380 2702; x_wconf 93' lang='lat' dir='ltr'>de</span> <span class='ocrx_word' id='word_1_192' title='bbox 395 2640 516 2703; x_wconf 83' lang='lat' dir='ltr'>Bondeta</span> <span class='ocrx_word' id='word_1_193' title='bbox 529 2641 678 2706; x_wconf 76' lang='lat' dir='ltr'>vasionen.</span> <span class='ocrx_word' id='word_1_194' title='bbox 688 2642 819 2717; x_wconf 87' lang='lat' dir='ltr'>diocesis,</span> <span class='ocrx_word' id='word_1_195' title='bbox 831 2655 861 2706; x_wconf 91' lang='lat' dir='ltr'>et</span> <span class='ocrx_word' id='word_1_196' title='bbox 869 2642 952 2706; x_wconf 89' lang='lat' dir='ltr'>castri</span> <span class='ocrx_word' id='word_1_197' title='bbox 961 2641 1020 2704; x_wconf 87' lang='lat' dir='ltr'>sive</span> <span class='ocrx_word' id='word_1_198' title='bbox 1029 2641 1138 2704; x_wconf 90' lang='lat' dir='ltr'>bastide</span> <span class='ocrx_word' id='word_1_199' title='bbox 1148 2647 1230 2704; x_wconf 89' lang='lat' dir='ltr'>Coste</span> <span class='ocrx_word' id='word_1_200' title='bbox 1239 2637 1321 2702; x_wconf 83' lang='lat' dir='ltr'>Calido</span> 
     </span>
     <span class='ocr_line' id='line_1_24' title="bbox 261 2732 1321 2820; baseline -0.004 -20"><span class='ocrx_word' id='word_1_201' title='bbox 261 2736 385 2816; x_wconf 89' lang='lat' dir='ltr'>ejusdem</span> <span class='ocrx_word' id='word_1_202' title='bbox 398 2737 538 2819; x_wconf 84' lang='lat' dir='ltr'>dyocesis,</span> <span class='ocrx_word' id='word_1_203' title='bbox 555 2738 620 2800; x_wconf 90' lang='lat' dir='ltr'>item</span> <span class='ocrx_word' id='word_1_204' title='bbox 642 2737 677 2801; x_wconf 91' lang='lat' dir='ltr'>de</span> <span class='ocrx_word' id='word_1_205' title='bbox 694 2739 843 2802; x_wconf 86' lang='lat' dir='ltr'>medietate</span> <span class='ocrx_word' id='word_1_206' title='bbox 857 2752 886 2802; x_wconf 92' lang='lat' dir='ltr'>et</span> <span class='ocrx_word' id='word_1_207' title='bbox 899 2739 1038 2802; x_wconf 90' lang='lat' dir='ltr'>tricesima</span> <span class='ocrx_word' id='word_1_208' title='bbox 1060 2753 1138 2802; x_wconf 81' lang='lat' dir='ltr'>senta</span> <span class='ocrx_word' id='word_1_209' title='bbox 1160 2751 1237 2820; x_wconf 89' lang='lat' dir='ltr'>parte</span> <span class='ocrx_word' id='word_1_210' title='bbox 1248 2732 1321 2799; x_wconf 85' lang='lat' dir='ltr'>castri</span> 
     </span>
     <span class='ocr_line' id='line_1_25' title="bbox 261 2832 1323 2917; baseline -0.004 -21"><span class='ocrx_word' id='word_1_211' title='bbox 261 2833 297 2896; x_wconf 92' lang='lat' dir='ltr'>de</span> <span class='ocrx_word' id='word_1_212' title='bbox 306 2832 459 2896; x_wconf 79' lang='lat' dir='ltr'>Arboribus</span> <span class='ocrx_word' id='word_1_213' title='bbox 469 2853 520 2917; x_wconf 93' lang='lat' dir='ltr'>pro</span> <span class='ocrx_word' id='word_1_214' title='bbox 539 2833 670 2910; x_wconf 84' lang='lat' dir='ltr'>indiviso,</span> <span class='ocrx_word' id='word_1_215' title='bbox 684 2835 758 2898; x_wconf 92' lang='lat' dir='ltr'>dicte</span> <span class='ocrx_word' id='word_1_216' title='bbox 783 2836 913 2912; x_wconf 87' lang='lat' dir='ltr'>diocesis,</span> <span class='ocrx_word' id='word_1_217' title='bbox 936 2836 1002 2900; x_wconf 89' lang='lat' dir='ltr'>item</span> <span class='ocrx_word' id='word_1_218' title='bbox 1022 2835 1058 2898; x_wconf 88' lang='lat' dir='ltr'>de</span> <span class='ocrx_word' id='word_1_219' title='bbox 1068 2835 1207 2900; x_wconf 89' lang='lat' dir='ltr'>territorio</span> <span class='ocrx_word' id='word_1_220' title='bbox 1217 2834 1251 2897; x_wconf 90' lang='lat' dir='ltr'>de</span> <span class='ocrx_word' id='word_1_221' title='bbox 1266 2839 1323 2894; x_wconf 87' lang='lat' dir='ltr'>Bra·</span> 
     </span>
     <span class='ocr_line' id='line_1_26' title="bbox 261 2926 1396 3014; baseline -0.004 -22"><span class='ocrx_word' id='word_1_222' title='bbox 261 2947 349 3012; x_wconf 90' lang='lat' dir='ltr'>quosa</span> <span class='ocrx_word' id='word_1_223' title='bbox 359 2950 424 2993; x_wconf 87' lang='lat' dir='ltr'>cum</span> <span class='ocrx_word' id='word_1_224' title='bbox 437 2931 508 2995; x_wconf 90' lang='lat' dir='ltr'>turri</span> <span class='ocrx_word' id='word_1_225' title='bbox 527 2931 601 2994; x_wconf 89' lang='lat' dir='ltr'>dicta</span> <span class='ocrx_word' id='word_1_226' title='bbox 622 2939 765 3014; x_wconf 86' lang='lat' dir='ltr'>Braquosa</span> <span class='ocrx_word' id='word_1_227' title='bbox 780 2933 832 2996; x_wconf 88' lang='lat' dir='ltr'>sita</span> <span class='ocrx_word' id='word_1_228' title='bbox 848 2952 931 3014; x_wconf 90' lang='lat' dir='ltr'>supra</span> <span class='ocrx_word' id='word_1_229' title='bbox 944 2941 1054 3010; x_wconf 84' lang='lat' dir='ltr'>Menea,</span> <span class='ocrx_word' id='word_1_230' title='bbox 1069 2932 1098 2994; x_wconf 89' lang='lat' dir='ltr'>in</span> <span class='ocrx_word' id='word_1_231' title='bbox 1108 2931 1211 2995; x_wconf 92' lang='lat' dir='ltr'>diocesi</span> <span class='ocrx_word' id='word_1_232' title='bbox 1227 2926 1319 3000; x_wconf 79' lang='lat' dir='ltr'>Dianai,</span> <span class='ocrx_word' id='word_1_233' title='bbox 1395 2989 1396 3004; x_wconf 57' lang='lat'>,</span> 
     </span>
     <span class='ocr_line' id='line_1_27' title="bbox 170 3013 1396 3119; baseline -0.007 -27"><span class='ocrx_word' id='word_1_234' title='bbox 170 3055 189 3119; x_wconf 66' lang='lat'>⁴.</span> <span class='ocrx_word' id='word_1_235' title='bbox 261 3049 392 3093; x_wconf 89' lang='lat' dir='ltr'>unacum</span> <span class='ocrx_word' id='word_1_236' title='bbox 407 3030 575 3107; x_wconf 89' lang='lat' dir='ltr'>hominibus,</span> <span class='ocrx_word' id='word_1_237' title='bbox 591 3030 727 3107; x_wconf 85' lang='lat' dir='ltr'>vassallis,</span> <span class='ocrx_word' id='word_1_238' title='bbox 751 3031 852 3108; x_wconf 84' lang='lat' dir='ltr'>feudis,</span> <span class='ocrx_word' id='word_1_239' title='bbox 869 3030 1016 3112; x_wconf 85' lang='lat' dir='ltr'>homagiis,</span> <span class='ocrx_word' id='word_1_240' title='bbox 1033 3049 1111 3094; x_wconf 90' lang='lat' dir='ltr'>mero</span> <span class='ocrx_word' id='word_1_241' title='bbox 1125 3029 1209 3092; x_wconf 88' lang='lat' dir='ltr'>mixto</span> <span class='ocrx_word' id='word_1_242' title='bbox 1221 3022 1321 3108; x_wconf 89' lang='lat' dir='ltr'>imperio</span> <span class='ocrx_word' id='word_1_243' title='bbox 1395 3013 1396 3074; x_wconf 76' lang='lat' dir='ltr'>i</span> 
     </span>
     <span class='ocr_line' id='line_1_28' title="bbox 261 3121 1320 3209; baseline -0.008 -19"><span class='ocrx_word' id='word_1_244' title='bbox 261 3140 290 3192; x_wconf 89' lang='lat' dir='ltr'>et</span> <span class='ocrx_word' id='word_1_245' title='bbox 302 3129 461 3206; x_wconf 82' lang='lat' dir='ltr'>omnimoda</span> <span class='ocrx_word' id='word_1_246' title='bbox 483 3127 669 3207; x_wconf 84' lang='lat' dir='ltr'>juridictione,</span> <span class='ocrx_word' id='word_1_247' title='bbox 684 3128 816 3209; x_wconf 90' lang='lat' dir='ltr'>scriptum</span> <span class='ocrx_word' id='word_1_248' title='bbox 839 3148 922 3191; x_wconf 93' lang='lat' dir='ltr'>manu</span> <span class='ocrx_word' id='word_1_249' title='bbox 944 3127 1046 3190; x_wconf 70' lang='lat' dir='ltr'>numu</span> <span class='ocrx_word' id='word_1_250' title='bbox 1074 3126 1155 3190; x_wconf 84' lang='lat' dir='ltr'>Pilati</span> <span class='ocrx_word' id='word_1_251' title='bbox 1177 3140 1235 3188; x_wconf 90' lang='lat' dir='ltr'>not.</span> <span class='ocrx_word' id='word_1_252' title='bbox 1263 3121 1320 3205; x_wconf 90' lang='lat' dir='ltr'>pub.</span> 
     </span>
     <span class='ocr_line' id='line_1_29' title="bbox 260 3222 1318 3306; baseline -0.009 -16"><span class='ocrx_word' id='word_1_253' title='bbox 260 3225 313 3290; x_wconf 86' lang='lat' dir='ltr'>sub</span> <span class='ocrx_word' id='word_1_254' title='bbox 331 3245 403 3288; x_wconf 90' lang='lat' dir='ltr'>anno</span> <span class='ocrx_word' id='word_1_255' title='bbox 424 3225 539 3290; x_wconf 88' lang='lat' dir='ltr'>Nativit.</span> <span class='ocrx_word' id='word_1_256' title='bbox 554 3224 678 3306; x_wconf 88' lang='lat' dir='ltr'>ejusdem</span> <span class='ocrx_word' id='word_1_257' title='bbox 708 3232 996 3304; x_wconf 83' lang='lat' dir='ltr'>M⁰Ccc⁰xxllllll⁰,</span> <span class='ocrx_word' id='word_1_258' title='bbox 1023 3223 1109 3287; x_wconf 90' lang='lat' dir='ltr'>indic.</span> <span class='ocrx_word' id='word_1_259' title='bbox 1140 3233 1185 3300; x_wconf 67' lang='grc' dir='ltr'>η’,</span> <span class='ocrx_word' id='word_1_260' title='bbox 1214 3222 1318 3286; x_wconf 78' lang='lat' dir='ltr'>dierum</span> 
     </span>
     <span class='ocr_line' id='line_1_30' title="bbox 260 3321 504 3402; baseline 0.008 -18"><span class='ocrx_word' id='word_1_261' title='bbox 260 3321 504 3402; x_wconf 86' lang='lat' dir='ltr'>mensisjanuarii.</span> 
     </span>
    </p>

    <p class='ocr_par' dir='ltr' id='par_1_6' title="bbox 260 3417 1395 3989">
     <span class='ocr_line' id='line_1_31' title="bbox 305 3417 1322 3501; baseline -0.005 -19"><span class='ocrx_word' id='word_1_262' title='bbox 305 3436 389 3497; x_wconf 84' lang='lat'>1302.</span> <span class='ocrx_word' id='word_1_263' title='bbox 410 3426 490 3497; x_wconf 88' lang='lat' dir='ltr'>ltem,</span> <span class='ocrx_word' id='word_1_264' title='bbox 505 3418 592 3501; x_wconf 91' lang='lat' dir='ltr'>quod.</span> <span class='ocrx_word' id='word_1_265' title='bbox 606 3417 643 3482; x_wconf 87' lang='lat' dir='ltr'>al.</span> <span class='ocrx_word' id='word_1_266' title='bbox 659 3417 872 3482; x_wconf 89' lang='lat' dir='ltr'>instrumentum</span> <span class='ocrx_word' id='word_1_267' title='bbox 886 3417 1032 3482; x_wconf 89' lang='lat' dir='ltr'>continens</span> <span class='ocrx_word' id='word_1_268' title='bbox 1047 3417 1207 3501; x_wconf 88' lang='lat' dir='ltr'>homagium</span> <span class='ocrx_word' id='word_1_269' title='bbox 1222 3430 1322 3481; x_wconf 82' lang='lat' dir='ltr'>etreco</span> 
     </span>
     <span class='ocr_line' id='line_1_32' title="bbox 260 3511 1320 3597; baseline -0.003 -23"><span class='ocrx_word' id='word_1_270' title='bbox 260 3511 417 3594; x_wconf 87' lang='lat' dir='ltr'>gnicionem</span> <span class='ocrx_word' id='word_1_271' title='bbox 430 3514 534 3578; x_wconf 85' lang='lat' dir='ltr'>iactum</span> <span class='ocrx_word' id='word_1_272' title='bbox 545 3527 573 3578; x_wconf 93' lang='lat' dir='ltr'>et</span> <span class='ocrx_word' id='word_1_273' title='bbox 589 3514 689 3578; x_wconf 85' lang='lat' dir='ltr'>iactam</span> <span class='ocrx_word' id='word_1_274' title='bbox 703 3534 754 3597; x_wconf 89' lang='lat' dir='ltr'>per</span> <span class='ocrx_word' id='word_1_275' title='bbox 771 3516 892 3580; x_wconf 90' lang='lat' dir='ltr'>nobilem</span> <span class='ocrx_word' id='word_1_276' title='bbox 908 3518 1061 3580; x_wconf 72' lang='lat' dir='ltr'>iohannem</span> <span class='ocrx_word' id='word_1_277' title='bbox 1081 3516 1234 3592; x_wconf 79' lang='lat' dir='ltr'>Alamandi,</span> <span class='ocrx_word' id='word_1_278' title='bbox 1250 3513 1320 3576; x_wconf 89' lang='lat' dir='ltr'>filium</span> 
     </span>
     <span class='ocr_line' id='line_1_33' title="bbox 261 3608 1395 3692; baseline -0.002 -20"><span class='ocrx_word' id='word_1_279' title='bbox 261 3608 334 3673; x_wconf 90' lang='lat' dir='ltr'>dom¹</span> <span class='ocrx_word' id='word_1_280' title='bbox 348 3610 431 3673; x_wconf 88' lang='lat' dir='ltr'>Gileti</span> <span class='ocrx_word' id='word_1_281' title='bbox 438 3611 584 3674; x_wconf 71' lang='lat' dir='ltr'>hiemandi</span> <span class='ocrx_word' id='word_1_282' title='bbox 599 3612 701 3690; x_wconf 89' lang='lat' dir='ltr'>militis,</span> <span class='ocrx_word' id='word_1_283' title='bbox 718 3613 822 3676; x_wconf 91' lang='lat' dir='ltr'>domini</span> <span class='ocrx_word' id='word_1_284' title='bbox 837 3614 872 3678; x_wconf 91' lang='lat' dir='ltr'>de</span> <span class='ocrx_word' id='word_1_285' title='bbox 883 3614 1073 3692; x_wconf 87' lang='lat' dir='ltr'>Sanctalalla,</span> <span class='ocrx_word' id='word_1_286' title='bbox 1086 3615 1166 3678; x_wconf 85' lang='lat' dir='ltr'>dom⁰</span> <span class='ocrx_word' id='word_1_287' title='bbox 1183 3611 1321 3678; x_wconf 84' lang='lat' dir='ltr'>llumberto</span> <span class='ocrx_word' id='word_1_288' title='bbox 1394 3649 1395 3656; x_wconf 23' lang='grc' dir='ltr'><strong>κ</strong></span> 
     </span>
     <span class='ocr_line' id='line_1_34' title="bbox 260 3705 1395 3793; baseline -0.002 -24"><span class='ocrx_word' id='word_1_289' title='bbox 260 3707 391 3790; x_wconf 82' lang='lat' dir='ltr'>delphino</span> <span class='ocrx_word' id='word_1_290' title='bbox 402 3707 438 3771; x_wconf 91' lang='lat' dir='ltr'>de</span> <span class='ocrx_word' id='word_1_291' title='bbox 450 3721 509 3772; x_wconf 86' lang='lat' dir='ltr'>tota</span> <span class='ocrx_word' id='word_1_292' title='bbox 525 3722 554 3772; x_wconf 89' lang='lat' dir='ltr'>et</span> <span class='ocrx_word' id='word_1_293' title='bbox 565 3709 695 3774; x_wconf 88' lang='lat' dir='ltr'>universa</span> <span class='ocrx_word' id='word_1_294' title='bbox 708 3725 787 3793; x_wconf 89' lang='lat' dir='ltr'>parte</span> <span class='ocrx_word' id='word_1_295' title='bbox 804 3732 885 3793; x_wconf 89' lang='lat' dir='ltr'>quam</span> <span class='ocrx_word' id='word_1_296' title='bbox 901 3711 987 3774; x_wconf 86' lang='lat' dir='ltr'>habet</span> <span class='ocrx_word' id='word_1_297' title='bbox 999 3731 1048 3774; x_wconf 90' lang='lat' dir='ltr'>seu</span> <span class='ocrx_word' id='word_1_298' title='bbox 1061 3711 1139 3775; x_wconf 90' lang='lat' dir='ltr'>visus</span> <span class='ocrx_word' id='word_1_299' title='bbox 1167 3724 1209 3775; x_wconf 90' lang='lat' dir='ltr'>est</span> <span class='ocrx_word' id='word_1_300' title='bbox 1232 3709 1322 3773; x_wconf 90' lang='lat' dir='ltr'>habere</span> <span class='ocrx_word' id='word_1_301' title='bbox 1340 3753 1341 3756; x_wconf 63' lang='lat'>,</span> <span class='ocrx_word' id='word_1_302' title='bbox 1394 3705 1395 3710; x_wconf 73' lang='grc'>’</span> 
     </span>
     <span class='ocr_line' id='line_1_35' title="bbox 260 3800 1321 3886; baseline -0.004 -20"><span class='ocrx_word' id='word_1_303' title='bbox 260 3816 289 3866; x_wconf 89' lang='lat' dir='ltr'>ct</span> <span class='ocrx_word' id='word_1_304' title='bbox 305 3802 390 3868; x_wconf 89' lang='lat' dir='ltr'>debet</span> <span class='ocrx_word' id='word_1_305' title='bbox 412 3803 440 3866; x_wconf 91' lang='lat' dir='ltr'>in</span> <span class='ocrx_word' id='word_1_306' title='bbox 459 3805 578 3870; x_wconf 90' lang='lat' dir='ltr'>mediate</span> <span class='ocrx_word' id='word_1_307' title='bbox 594 3806 622 3869; x_wconf 94' lang='lat' dir='ltr'>in</span> <span class='ocrx_word' id='word_1_308' title='bbox 638 3822 741 3884; x_wconf 90' lang='lat' dir='ltr'>castro,</span> <span class='ocrx_word' id='word_1_309' title='bbox 760 3809 910 3886; x_wconf 90' lang='lat' dir='ltr'>territorio,</span> <span class='ocrx_word' id='word_1_310' title='bbox 930 3800 1055 3872; x_wconf 86' lang='lat' dir='ltr'>dis&#39;trictu</span> <span class='ocrx_word' id='word_1_311' title='bbox 1080 3808 1117 3872; x_wconf 87' lang='lat' dir='ltr'>de</span> <span class='ocrx_word' id='word_1_312' title='bbox 1135 3815 1234 3871; x_wconf 86' lang='lat' dir='ltr'>Sancta</span> <span class='ocrx_word' id='word_1_313' title='bbox 1256 3802 1321 3867; x_wconf 86' lang='lat' dir='ltr'>Galla</span> 
     </span>
     <span class='ocr_line' id='line_1_36' title="bbox 260 3895 1321 3989; baseline -0.005 -25"><span class='ocrx_word' id='word_1_314' title='bbox 260 3914 289 3964; x_wconf 86' lang='lat' dir='ltr'>et</span> <span class='ocrx_word' id='word_1_315' title='bbox 307 3901 336 3964; x_wconf 94' lang='lat' dir='ltr'>in</span> <span class='ocrx_word' id='word_1_316' title='bbox 361 3917 464 3978; x_wconf 88' lang='lat' dir='ltr'>castro,</span> <span class='ocrx_word' id='word_1_317' title='bbox 488 3903 628 3967; x_wconf 90' lang='lat' dir='ltr'>territorio</span> <span class='ocrx_word' id='word_1_318' title='bbox 654 3919 683 3969; x_wconf 88' lang='lat' dir='ltr'>et</span> <span class='ocrx_word' id='word_1_319' title='bbox 706 3905 832 3970; x_wconf 87' lang='lat' dir='ltr'>districtu</span> <span class='ocrx_word' id='word_1_320' title='bbox 855 3906 883 3968; x_wconf 94' lang='lat' dir='ltr'>in</span> <span class='ocrx_word' id='word_1_321' title='bbox 910 3905 1030 3968; x_wconf 90' lang='lat' dir='ltr'>mediate</span> <span class='ocrx_word' id='word_1_322' title='bbox 1048 3895 1154 3989; x_wconf 87' lang='lat' dir='ltr'>Ruppis</span> <span class='ocrx_word' id='word_1_323' title='bbox 1176 3901 1282 3978; x_wconf 88' lang='lat' dir='ltr'>Brunci,</span> <span class='ocrx_word' id='word_1_324' title='bbox 1299 3911 1321 3960; x_wconf 90' lang='lat' dir='ltr'>et</span> 
     </span>
    </p>
   </div>
   <div class='ocr_carea' id='block_1_3' title="bbox 159 3997 1321 4084">
    <p class='ocr_par' dir='ltr' id='par_1_7' title="bbox 159 3997 1321 4084">
     <span class='ocr_line' id='line_1_37' title="bbox 159 3997 1321 4084; baseline -0.003 -24"><span class='ocrx_word' id='word_1_325' title='bbox 159 4075 162 4082; x_wconf 91' lang='lat'>.</span> <span class='ocrx_word' id='word_1_326' title='bbox 259 3997 325 4061; x_wconf 91' lang='lat' dir='ltr'>inde</span> <span class='ocrx_word' id='word_1_327' title='bbox 338 4017 387 4061; x_wconf 89' lang='lat' dir='ltr'>seu</span> <span class='ocrx_word' id='word_1_328' title='bbox 400 3998 436 4061; x_wconf 91' lang='lat' dir='ltr'>de</span> <span class='ocrx_word' id='word_1_329' title='bbox 452 4000 569 4079; x_wconf 88' lang='lat' dir='ltr'>predict.</span> <span class='ocrx_word' id='word_1_330' title='bbox 586 4001 714 4065; x_wconf 89' lang='lat' dir='ltr'>omnibus</span> <span class='ocrx_word' id='word_1_331' title='bbox 725 4002 884 4084; x_wconf 90' lang='lat' dir='ltr'>homagium</span> <span class='ocrx_word' id='word_1_332' title='bbox 907 4001 972 4065; x_wconf 85' lang='lat' dir='ltr'>lecit</span> <span class='ocrx_word' id='word_1_333' title='bbox 986 4016 1014 4064; x_wconf 90' lang='lat' dir='ltr'>et</span> <span class='ocrx_word' id='word_1_334' title='bbox 1030 4015 1231 4066; x_wconf 90' lang='lat' dir='ltr'>sacramentum</span> <span class='ocrx_word' id='word_1_335' title='bbox 1252 4013 1321 4079; x_wconf 85' lang='lat' dir='ltr'>pres·</span> 
     </span>
    </p>
   </div>
   <div class='ocr_carea' id='block_1_4' title="bbox 258 4092 1319 4280">
    <p class='ocr_par' dir='ltr' id='par_1_8' title="bbox 258 4092 1319 4280">
     <span class='ocr_line' id='line_1_38' title="bbox 258 4092 1177 4183; baseline 0.008 -24"><span class='ocrx_word' id='word_1_336' title='bbox 258 4095 314 4160; x_wconf 90' lang='lat' dir='ltr'>titit</span> <span class='ocrx_word' id='word_1_337' title='bbox 324 4095 463 4160; x_wconf 85' lang='lat' dir='ltr'>fidelitatis</span> <span class='ocrx_word' id='word_1_338' title='bbox 474 4117 483 4176; x_wconf 92' lang='lat'>;</span> <span class='ocrx_word' id='word_1_339' title='bbox 495 4092 627 4181; x_wconf 81' lang='lat' dir='ltr'>scriptum</span> <span class='ocrx_word' id='word_1_340' title='bbox 643 4101 686 4182; x_wconf 88' lang='lat' dir='ltr'>(ut</span> <span class='ocrx_word' id='word_1_341' title='bbox 701 4101 800 4183; x_wconf 85' lang='lat'>1301),</span> <span class='ocrx_word' id='word_1_342' title='bbox 812 4101 857 4163; x_wconf 88' lang='lat' dir='ltr'>die</span> <span class='ocrx_word' id='word_1_343' title='bbox 870 4113 920 4164; x_wconf 77' lang='lat' dir='ltr'>nva</span> <span class='ocrx_word' id='word_1_344' title='bbox 933 4101 1036 4164; x_wconf 90' lang='lat' dir='ltr'>mensis</span> <span class='ocrx_word' id='word_1_345' title='bbox 1049 4101 1177 4182; x_wconf 87' lang='lat' dir='ltr'>januarii.</span> 
     </span>
     <span class='ocr_line' id='line_1_39' title="bbox 304 4198 1319 4280; baseline -0.001 -20"><span class='ocrx_word' id='word_1_346' title='bbox 304 4216 388 4279; x_wconf 81' lang='lat'><strong>¹303·</strong></span> <span class='ocrx_word' id='word_1_347' title='bbox 418 4205 498 4275; x_wconf 89' lang='lat' dir='ltr'>ltenr,</span> <span class='ocrx_word' id='word_1_348' title='bbox 530 4198 617 4280; x_wconf 89' lang='lat' dir='ltr'>quod.</span> <span class='ocrx_word' id='word_1_349' title='bbox 645 4199 682 4262; x_wconf 87' lang='lat' dir='ltr'>al.</span> <span class='ocrx_word' id='word_1_350' title='bbox 707 4199 918 4264; x_wconf 90' lang='lat' dir='ltr'>instrumentum</span> <span class='ocrx_word' id='word_1_351' title='bbox 942 4199 1087 4264; x_wconf 89' lang='lat' dir='ltr'>continens</span> <span class='ocrx_word' id='word_1_352' title='bbox 1119 4198 1270 4280; x_wconf 90' lang='lat' dir='ltr'>homagium</span> <span class='ocrx_word' id='word_1_353' title='bbox 1296 4201 1319 4253; x_wconf 83' lang='lat' dir='ltr'>et</span> 
     </span>
    </p>
   </div>
   <div class='ocr_carea' id='block_1_5' title="bbox 0 0 1426 4900">
    <p class='ocr_par' dir='ltr' id='par_1_9' title="bbox 0 0 1426 4900">
     <span class='ocr_line' id='line_1_40' title="bbox 0 0 1426 4900; baseline 0 0"><span class='ocrx_word' id='word_1_354' title='bbox 0 0 1426 4900; x_wconf 95' lang='lat' dir='ltr'> </span> 
     </span>
    </p>
   </div>
  </div>
 </body>
</html>
