2844 4900
506 485 546 498 -
570 467 622 532 15³
645 485 682 500 ι-

107 577 170 656 874.
184 583 266 654 item,
297 577 355 640 duo
373 577 451 660 publ.
472 578 655 644 instrumenta
676 583 705 644 in
720 600 776 645 una
791 580 864 664 pelle
892 579 972 644 simul
996 594 1152 654 connexa„

71 673 164 754 scripta
184 692 267 736 manu
292 674 425 738 lobannis
447 676 582 739 Alamaini
598 678 699 741 notarii
721 679 814 761 publ,
829 697 947 760 quorum
961 675 1080 758 primurn
1094 687 1138 737 est

71 768 118 831 sub
137 788 208 832 anno
232 769 287 832 Diti
318 777 532 849 menuitur,
561 773 646 836 indic.
672 789 724 852 vu,
740 774 786 837 die
812 787 880 837 ιιιιιΙΙ
894 786 1010 836 excente
1030 771 1135 848 madio,

70 866 205 930 continens
218 867 376 950 homagium
392 869 486 951 ligium
510 883 538 932 et
559 871 782 952 recognicionem
796 870 939 953 prestitam
953 887 1004 951 per
1023 873 1137 930 Petrum

70 963 102 1026 de
117 970 215 1027 Sancto
232 967 352 1029 Martino
366 966 445 1029 dom⁰
463 973 547 1030 Petro
564 967 687 1045 llurucii,
705 968 819 1032 domino
836 967 938 1030 Montis
956 964 1081 1043 Bonodi;
1098 997 1138 1012 -

70 1062 132 1142 875.
149 1063 304 1125 Secundum
328 1082 398 1126 vero
412 1076 455 1127 est
476 1064 528 1127 sub
542 1065 641 1128 eodem
653 1084 727 1128 anno
741 1078 769 1128 et
780 1065 880 1143 indic„
895 1062 941 1126 die
954 1075 996 1126 ιιιΙ
1010 1074 1138 1126 eneumte
1239 1127 1247 1148 ⁴

68 1177 157 1222 mense
170 1159 302 1238 octobris,
319 1161 465 1224 continens
478 1163 552 1245 quod
564 1167 664 1226 Petrus
689 1163 849 1227 Heustacbii
862 1161 898 1226 de
909 1170 1004 1225 Monte
1019 1160 1139 1224 Bonodo

69 1257 204 1321 confessus
217 1257 270 1320 luit
282 1273 311 1322 et
324 1260 500 1342 recognoscit
508 1279 539 1323 se
553 1257 650 1324 lenere
663 1280 681 1323 a
692 1260 771 1323 dom⁰
787 1267 872 1324 Petro
885 1257 1008 1336 Auruci,
1025 1257 1139 1322 domino

70 1354 166 1417 Montis
177 1356 298 1433 Bonodi‚
311 1357 340 1419 in
353 1357 466 1419 seudum
480 1370 509 1420 et
520 1357 634 1420 nomine
644 1357 720 1420 leudi
739 1377 784 1421 res
800 1371 829 1420 et
841 1357 916 1420 bona
930 1357 1049 1430 indicto
1062 1357 1138 1419 ἰιιῑιω

70 1466 203 1531 contenta,
218 1453 270 1516 sub
284 1453 374 1516 modis
386 1465 414 1516 et
427 1453 638 1517 condicionibus
653 1455 681 1517 in
697 1455 760 1536 ipso
775 1453 938 1536 designatis.

107 1552 171 1631 876.
190 1560 269 1630 item,
285 1551 372 1635 quod.
388 1553 425 1616 al.
443 1554 655 1617 instrumentum
668 1555 746 1636 publ.
761 1554 894 1636 scripturn
910 1572 993 1616 manu
1005 1551 1139 1616 lobannis

71 1649 103 1714 tle
118 1650 283 1713 Valamanda
292 1651 392 1714 notarii
406 1651 485 1734 publ.
499 1652 551 1715 sub
567 1671 641 1714 anno
659 1653 713 1715 Diri
729 1658 921 1728 M⁰CC0Lx11‚
937 1650 1035 1715 indict.
1049 1669 1079 1729 v,
1094 1650 1140 1714 die

72 1768 107 1812 ιιιι
122 1749 237 1812 intrante
251 1769 346 1812 mense
365 1751 500 1827 octobris,
517 1750 662 1814 continens
681 1751 875 1814 vendicionem
897 1750 1011 1833 quamd.
1037 1747 1139 1812 iactam

72 1847 141 1908 dom·
156 1854 239 1911 Petro
250 1848 362 1912 Aurucii
383 1849 473 1925 militi,
496 1849 608 1912 domino
630 1849 733 1913 Montis
761 1850 882 1927 Bonodi‚
911 1869 962 1931 per
988 1849 1139 1912 imbertum

72 1943 101 2007 de
125 1945 239 2008 Malario
262 1945 298 2008 de
312 1965 342 2009 ιιι
370 1945 488 2031 eyminis
503 1966 593 2010 avene
610 1966 721 2024 census,
732 1947 824 2029 pretio
848 1966 884 2010 xx
899 1946 981 2010 solid.
1001 1945 1138 2010 bonorum

71 2041 198 2106 viennen.
889 2087 893 2096 ·

105 2141 171 2220 877.
195 2149 274 2220 Item,
296 2143 383 2224 quod.
407 2143 445 2207 al.
467 2143 680 2207 instrumentum
701 2143 780 2225 publ.
800 2143 933 2225 scriptum
956 2161 1039 2206 manu
1064 2142 1141 2206 Petri

73 2239 185 2303 lncelmi
198 2239 300 2304 notarii
317 2240 394 2321 publ.
411 2240 464 2304 sub
480 2261 553 2304 anno
570 2241 624 2302 Diii
640 2247 893 2319 M⁰CC⁰LXXV110,
915 2239 1002 2302 indic.
1020 2253 1063 2317 ν’,
1079 2257 1139 2302 ιιιιιι

74 2335 174 2400 kalend.
194 2337 298 2419 aprilis,
319 2337 446 2401 contines
460 2339 535 2420 quod
549 2338 688 2402 iohannes
704 2338 824 2401 Faideus
848 2338 884 2400 de
899 2345 995 2399 Monte
1022 2334 1141 2398 Bonodo

75 2446 96 2495 et
113 2441 190 2498 Bona
207 2433 322 2497 Femina
337 2434 397 2515 ejus
410 2455 481 2498 uxor
494 2450 719 2518 recognoverunt
731 2436 810 2499 dom⁰
824 2441 909 2500 Petro
922 2432 1035 2498 Aurucii
1051 2432 1139 2516 quod.

74 2546 171 2611 pratum
185 2545 213 2595 et
228 2533 371 2615 grangiam
386 2533 553 2597 continatam
565 2533 665 2615 inipso
679 2533 780 2596 instra.

105 2631 170 2709 878.
187 2637 268 2708 item,
285 2631 371 2712 quod.
387 2632 424 2693 ai.
442 2631 654 2695 instrumentum
669 2631 801 2713 scriptum
823 2651 907 2694 manu
922 2630 998 2694 Petri
1016 2629 1051 2693 de
1065 2635 1142 2692 Ava-

74 2826 237 2905 septembris,
251 2825 397 2889 continens
411 2825 486 2907 quod
508 2826 542 2888 ad
567 2826 730 2890 instanciam
761 2826 891 2890 Chaberti
905 2826 941 2888 de
967 2824 1141 2888 Brianczono

75 2920 199 2985 domicelli
216 2922 375 3000 Dideretus,
391 2921 463 2985 filius
473 2923 592 2985 condam
613 2923 735 3006 aynardi
754 2923 789 2987 de
813 2923 923 2999 Crollis,
947 2921 1096 2985 confitetur
1114 2932 1143 2983 et

76 3020 237 3101 recognoscit
252 3032 281 3082 et
296 3038 348 3101 per
359 3033 562 3082 sacramentum
578 3039 672 3082 coram
696 3020 813 3083 Vimano
833 3020 869 3084 de
881 3027 991 3082 Toveto
1012 3031 1040 3081 et
1054 3024 1138 3080 Fran.

76 3117 172 3193 Boleti,
190 3117 325 3180 ordinatis
337 3136 389 3198 pro
402 3117 490 3194 curia,
509 3137 539 3179 se
555 3129 652 3180 tenere
674 3131 703 3180 et
727 3131 823 3180 tenere
843 3111 915 3180 velle
937 3116 965 3177 in
987 3115 1100 3178 feudum
1114 3127 1142 3178 et

75 3214 173 3278 nomine
193 3215 269 3277 leudi
283 3236 300 3276 a
314 3214 390 3278 dicto
403 3214 544 3277 chaberto
558 3233 604 3277 res
618 3229 646 3277 et
656 3215 730 3278 bona
747 3234 801 3297 que
817 3214 931 3278 inferius
945 3212 1140 3276 continentur:

76 3311 152 3389 primo
165 3314 313 3377 confitetur
324 3313 392 3377 dict.
411 3313 559 3377 Dideretus
571 3313 646 3396 quod
661 3313 808 3396 ipsetenet
823 3333 839 3374 a
858 3312 933 3375 dicto
948 3309 1088 3372 Chaberto
1099 3309 1143 3370 al-

75 3406 187 3492 bergium
204 3412 343 3475 Guillelmi
359 3412 479 3475 Bosonis
493 3427 521 3476 et
541 3411 664 3475 villermi
689 3411 808 3474 Bosonis
823 3409 933 3493 nepotis
948 3409 989 3470 sui
1007 3406 1139 3483 condam,

77 3511 252 3574 stillaninum
265 3510 385 3572 Bosonis
399 3524 427 3572 et
442 3510 596 3572 iohannem
611 3509 647 3570 de
661 3508 815 3571 Montabon
830 3520 858 3571 et
882 3505 1001 3568 heredes
1017 3512 1142 3566 Domen-

75 3606 123 3684 geti
141 3607 175 3671 de
201 3614 328 3672 Fontana
347 3607 466 3671 condam
491 3620 519 3671 et
540 3607 658 3670 heredes
679 3606 812 3669 lobannis
834 3603 953 3667 Bosonis
977 3602 1096 3665 condam
1114 3613 1144 3664 et

77 3705 210 3768 llartinum
222 3706 343 3768 Bosonis
356 3718 383 3768 et
397 3704 515 3768 heredes
541 3703 663 3768 Melmeti
681 3704 716 3766 de
732 3703 758 3765 la
774 3707 875 3784 Frayta
894 3713 922 3762 et
943 3698 1066 3762 heredes
1081 3707 1143 3762 Do-

76 3805 185 3884 nengeti
200 3805 226 3867 lo
239 3805 333 3885 Juglat
347 3803 466 3866 condam
483 3816 511 3866 et
530 3801 648 3865 heredes
671 3799 803 3862 lobannis
817 3797 957 3874 arachen,
972 3817 1035 3860 cum
1050 3797 1143 3862 liberis

75 3898 187 3978 ipsorum
201 3903 375 3982 presentibus
388 3916 416 3965 et
428 3902 527 3964 futuris
541 3915 645 3964 etcum
663 3899 792 3963 omnibus
806 3896 891 3959 rebus
902 3917 971 3979 quas
983 3897 1028 3960 vel
1043 3897 1143 3980 quibus

76 3995 134 4058 dicti
148 3997 268 4061 homines
284 4012 381 4062 tenent
395 3999 430 4062 de
443 3999 549 4062 directo
564 3997 638 4078 apud
653 4003 807 4060 Fontanam
817 4008 845 4058 et
858 3995 932 4070 circa
943 4001 1096 4059 Fontanam
1107 3993 1142 4056 de

78 4093 148 4156 Bello
164 4101 266 4173 Monte,
281 4111 310 4160 et
319 4097 398 4179 plura
414 4097 466 4159 alia
479 4098 508 4158 in
523 4096 598 4159 dioto
616 4095 705 4158 ἰιιιῐιιο
722 4106 863 4158 contenta.
1154 4169 1155 4172 Ἴ

113 4189 180 4271 879.
198 4199 273 4270 Item,
287 4193 375 4276 quod.
397 4194 435 4257 al.
457 4191 670 4258 instrumentum
684 4191 766 4284 publ.¹
779 4191 912 4276 scriptum
938 4209 1021 4252 manu
1047 4187 1142 4252 iacobi
