2936 4898
573 485 728 544 ,13-
803 495 808 500 .

118 597 265 678 delphinus
278 597 449 674 Viennensis,
463 598 532 661 citra
539 599 746 662 revocationem
755 611 967 679 procuratorum
976 616 1100 672 suorum,
1116 597 1191 674 lecit,

116 695 259 757 constituit
272 708 299 756 et
308 694 448 757 ordinauit
463 715 528 758 suos
549 709 755 776 procuratores,
785 695 869 758 videl.
885 696 982 758 ven¹0¹¹²
998 695 1088 756 virum
1114 693 1191 756 dom.

114 791 249 854 iacobum
264 792 402 868 Brunerii,
418 793 494 855 dom.
527 793 733 875 Francliscum)
750 794 785 856 de
799 799 899 856 Parma
909 807 937 856 et
951 794 1026 855 dom.
1058 792 1194 873 Ste(pha-

115 891 194 972 num)
211 890 312 965 Pelas,
327 891 363 952 ad
378 911 475 954 omnes
482 911 591 954 causas.

157 1005 201 1066 53.
223 993 304 1060 ltem,
319 987 407 1067 quod.
423 987 562 1068 publicum
586 988 798 1050 instrumentum
816 988 972 1051 conlectum
988 1006 1071 1050 manu
1086 993 1193 1070 nymn-

115 1083 156 1144 nis
177 1082 293 1163 lligueti
310 1083 410 1144 notarii
424 1097 453 1146 et
465 1083 612 1165 subscripti
628 1103 711 1146 manu
733 1085 815 1147 etiam
831 1085 935 1147 Alberti
950 1084 985 1146 de
1001 1084 1123 1166 Brayda,
1138 1082 1190 1145 sub

117 1200 188 1241 anno
200 1180 280 1241 Dom¹
299 1187 445 1254 M⁰lllc...‚
462 1181 507 1244 die
520 1182 614 1244 martis
631 1195 695 1244 ante
706 1182 806 1245 lestum
822 1182 908 1246 marie
924 1181 1114 1263 Magdalenes,
1126 1199 1194 1262 qua·

116 1290 177 1339 tuor
189 1277 287 1358 sigillis
299 1278 328 1339 in
343 1278 474 1358 pendenti
485 1279 642 1360 sigillatum,
659 1279 804 1341 continens
817 1278 892 1360 quod
906 1279 983 1340 dom.
999 1279 1140 1341 lohannes
1157 1277 1192 1338 de

117 1375 269 1450 Cabulone,
288 1375 417 1436 dominus
439 1375 474 1437 de
489 1377 600 1450 Arlaco,
619 1376 763 1438 confessus
790 1376 840 1438 luit
864 1376 993 1438 habuisse
1008 1397 1024 1437 a
1041 1376 1119 1437 dom⁰
1131 1375 1193 1438 dal·

117 1472 198 1552 phino
214 1480 262 1534 V¹¹¹
289 1472 374 1534 libras
389 1457 424 1534 de
435 1472 523 1552 prima
535 1473 672 1535 solutione
686 1473 759 1535 dotis
771 1474 830 1551 ejus
844 1474 991 1537 consortis.

157 1589 201 1649 54.
217 1577 287 1630 Item
304 1583 444 1649 repertum
451 1570 500 1632 fuit
513 1570 585 1632 inter
600 1571 659 1651 ipsa
674 1570 817 1652 privilegia
829 1570 914 1652 quod.
931 1571 1071 1652 publicum
1086 1571 1193 1634 instru-

119 1681 238 1727 mentum
254 1666 387 1746 scriptum
401 1685 484 1728 manu
498 1667 630 1748 Aymonis
648 1666 683 1728 de
701 1667 833 1729 Tomaibl
847 1667 882 1728 de
907 1666 1116 1748 Montelupello,
1141 1666 1193 1728 sub

119 1781 188 1824 anno
214 1763 295 1824 Dom¹
310 1769 535 1839 M⁰CC⁰XC.Vl⁰,
553 1763 650 1825 indict.
668 1783 719 1838 ix„
747 1763 791 1825 die
803 1783 845 1838 uia
859 1764 979 1827 intrante
1003 1783 1098 1826 mense
1113 1763 1191 1842 junii,

120 1859 263 1920 continens
275 1859 351 1940 quod
364 1860 486 1942 lllaysia,
500 1860 554 1922 filia
569 1861 641 1922 dom¹
657 1860 801 1922 llumberti
818 1859 940 1941 dalphini
967 1875 994 1924 et
1019 1862 1099 1923 dome
1113 1864 1192 1922 Anne

121 1955 258 2037 delphine,
273 1977 344 2018 uxor
358 1957 449 2018 lutura
463 1958 536 2020 domi
566 1957 674 2020 comitis
703 1957 818 2032 Foresii,
848 1958 991 2038 quictabat
1016 1951 1091 2020 dicto
1115 1957 1191 2018 dom.

122 2051 250 2134 dalphino
265 2072 348 2114 omne
359 2053 402 2132 jus
418 2053 493 2134 quod
508 2053 629 2116 habebat
639 2053 667 2115 in
677 2054 757 2116 bonis
771 2055 893 2135 paternis
908 2070 935 2117 et
952 2055 1082 2117 maternis
1109 2067 1136 2116 st
1165 2053 1194 2114 in

121 2163 177 2211 toto
196 2149 376 2231 Delphinum,
390 2150 418 2212 in
434 2164 508 2212 terra
524 2150 692 2232 Fucigniacii
718 2170 769 2231 pro
786 2151 852 2213 dote
881 2151 932 2213 sibi
962 2152 1112 2232 assignata,
1142 2170 1193 2230 pro

122 2261 194 2308 certa
208 2247 329 2327 pecunie
345 2248 496 2329 quantitate
510 2260 599 2328 erpro
610 2248 707 2311 castris
719 2262 747 2310 et
767 2247 856 2310 leudis
873 2267 927 2328 que
954 2248 1030 2310 dom.
1048 2248 1194 2329 dalphinus

122 2344 238 2407 babebat
252 2357 355 2424 aparte
367 2345 444 2426 regni
465 2344 581 2406 Francie
596 2345 666 2406 ultra
684 2345 841 2418 Rodanum,
872 2345 995 2426 exceptis
1008 2345 1097 2407 feudis
1111 2345 1195 2407 nobi-

122 2439 182 2502 lium
193 2442 318 2503 virorum
329 2441 474 2517 Anhaudi,
486 2439 589 2503 domini
603 2441 765 2503 Rossillonis
776 2456 803 2502 et
814 2441 958 2522 llnoniaci,
969 2455 998 2504 et
1012 2442 1146 2523 Guigonis
1158 2442 1194 2503 de

123 2539 199 2617 Anio,
217 2539 323 2601 domini
339 2539 442 2601 Salerie
452 2539 926 2622 etPeyraudi,etexceptisguardis
941 2553 968 2601 et
981 2540 1083 2620 usagiis
1094 2540 1194 2620 prioris

99 2637 102 2646 '
123 2634 156 2696 de
180 2636 362 2718 campagnia,
389 2649 472 2718 prout
502 2637 553 2698 hec
575 2651 603 2698 et
628 2637 706 2717 plura
732 2635 784 2697 alia
802 2636 830 2697 in
840 2636 915 2698 dicto
929 2635 1111 2698 instrumento
1122 2653 1194 2697 con-

123 2732 251 2796 tinentur.
556 2807 559 2816 Ι
1035 2813 1039 2822 .

165 2849 206 2910 55.
231 2837 311 2905 ltem,
326 2828 412 2909 quod.
428 2828 568 2910 publicum
593 2828 804 2891 instrumentum
830 2830 978 2910 sigillatum
1003 2831 1031 2890 in
1062 2828 1194 2910 pendenti

122 2945 183 2988 cera
192 2926 278 2988 mbea
292 2925 383 3006 sigillo
395 2925 506 2987 illustris
521 2925 573 2987 viri
588 2926 660 2987 dom¹
673 2926 806 2989 Ludovici
820 2927 945 3007 junioris,
969 2927 1076 2989 comitis
1100 2927 1195 2987 octin-

122 3028 326 3108 gen,scriptum
333 3046 416 3087 manu
429 3027 561 3088 iohannis
575 3027 724 3103 Ni'choleti,
740 3028 869 3090 subanno
882 3028 961 3090 Dom¹
971 3032 1192 3099 m⁰111cxxxv⁰‚

122 3123 165 3185 die
181 3137 239 3184 xvi³
255 3123 358 3185 mensis
372 3123 474 3203 aprilis,
497 3123 594 3186 indict.
625 3143 678 3199 uu,
697 3125 842 3189 continens
855 3127 930 3208 quod
943 3126 1019 3187 dom.
1038 3123 1195 3206 H(umber-

78 3259 82 3273 ι
121 3221 178 3301 tus)
193 3221 339 3302 dalphinus
352 3240 409 3282 non
425 3221 588 3303 acceptabat
613 3221 795 3284 donacionem
822 3223 874 3284 sibi
896 3223 995 3284 factam
1024 3229 1073 3303 pe'r
1090 3220 1193 3281 dictum

122 3317 197 3379 dom.
213 3318 385 3380 ludovicum
399 3317 434 3379 de
446 3337 533 3398 regno
550 3319 666 3395 Vienne,
684 3320 736 3381 nisi
761 3321 789 3381 in
803 3339 870 3382 casu
895 3321 922 3381 in
946 3339 1002 3400 quo
1018 3319 1094 3379 dom.
1109 3317 1195 3397 impe-

122 3427 197 3475 rator
206 3429 279 3476 esset
290 3427 439 3477 coronatus
453 3415 499 3475 vel
514 3414 566 3476 nisi
581 3416 747 3495 procederet
758 3417 793 3478 de
809 3435 947 3478 consensu
964 3414 1037 3476 domi
1050 3433 1132 3494 pape.

167 3511 210 3591 56.
226 3519 305 3587 Item,
323 3511 408 3592 quod.
423 3511 564 3592 publicum
578 3511 788 3574 instrumentum
796 3512 952 3574 conlectum
963 3531 1045 3572 manu
1059 3511 1194 3572 Guillelmi

122 3604 157 3665 de
169 3607 273 3669 Bellivo
287 3608 388 3676 notarii
409 3608 499 3688 publ,
518 3608 570 3670 sub
585 3628 657 3670 anno
680 3617 817 3671 lncamat.
836 3607 980 3670 Dominice
1000 3615 1190 3684 M⁰CC⁰X1X⁰,

121 3700 218 3765 indict.
232 3723 304 3780 viii„
321 3723 349 3764 xi
363 3704 475 3765 kalend.
493 3704 660 3780 decembris,
688 3705 833 3767 continens
849 3704 1060 3784 promissionem
1090 3719 1119 3768 et
1140 3718 1195 3766 ter-

121 3799 212 3862 minos
221 3803 364 3864 solutionis
376 3802 449 3864 mille
466 3821 621 3864 marcarum
635 3803 741 3882 argenti
764 3803 917 3883 assignatas
932 3823 982 3884 per
998 3804 1073 3866 dom.
1094 3803 1194 3865 Wilel-

122 3918 197 3958 mum
215 3900 401 3981 marquionem
416 3899 611 3963 Montislerrati
621 3901 700 3963 dome
716 3900 845 3974 Beatrici,
862 3901 984 3964 consorti
998 3902 1071 3966 dom'
1085 3901 1194 3962 Andree

123 3995 257 4075 delphini,
271 3998 298 4056 in
314 3997 418 4058 dotem.
1129 4007 1132 4018 ,

168 4112 215 4172 57.
233 4093 402 4174 ltem,quod.
420 4093 560 4174 publicum
575 4094 786 4156 instrumentum
809 4095 941 4175 scriptum
956 4112 1037 4184 manu
1049 4090 1193 4173 ,Aymonis

123 4186 158 4247 de
173 4187 305 4249 Tomalol
319 4188 417 4250 notarii
438 4189 528 4268 publ,
544 4188 594 4250 sub
613 4208 686 4250 anno
710 4189 788 4250 Domi
806 4195 1009 4261 M⁰ll⁶XCVll⁰,
1042 4187 1137 4248 indict.
1151 4198 1191 4260 rr,
