2844 4900
485 444 663 504 ..,4,..

28 564 35 579 ·
58 566 80 614 et
89 553 297 634 recognitionem
314 553 413 615 iactam
424 572 474 634 per
482 554 611 616 eumdem
629 555 708 616 dome
725 555 854 636 dalphine
867 558 1031 633 marchiam,
1050 557 1113 638 pla-

23 652 30 669 “
58 649 125 710 citum
135 664 160 712 et
172 649 317 713 servicium
328 650 403 733 quod
416 651 500 714 habet
516 665 544 714 et
562 653 681 734 percipit
695 652 723 715 in
740 672 836 718 manso
851 661 992 718 Boneron.

14 806 38 824 ,
89 748 178 828 815-a.
195 754 273 824 Item,
289 749 346 810 duo
360 748 438 830 publ.
454 741 637 812 instrumenta
647 750 675 812 in
689 750 786 814 eadem
801 753 874 834 pelle
888 773 971 815 manu
982 751 1114 815 Amselmi

12 825 162 906 *uorandi
177 846 273 908 notarii
288 846 458 927 conscripta,
474 845 526 908 sub
546 866 619 910 anno
636 848 691 910 Diri
708 855 909 928 M⁰CCC⁰Vll⁰,
936 849 965 912 in
993 849 1114 913 crastino

9 897 66 1029 ἱζὲι
93 943 224 1019 Bemardi,
242 943 278 1004 de
297 943 398 1025 quibus
428 943 546 1024 primum
577 944 701 1008 continet
729 946 953 1028 recognicionem
982 944 1115 1008 Guidredi

75 1040 143 1100 onelli
155 1041 188 1102 de
202 1040 368 1123 quibusdam
377 1040 461 1104 rebus
471 1041 611 1124 acquisitis
624 1061 674 1123 per
690 1043 818 1106 eumdem
835 1065 851 1106 a
866 1044 979 1107 mistrali
992 1044 1028 1106 de
1042 1049 1116 1106 Ter·

127 1137 318 1220 ethomagium
338 1139 483 1220 prestitum
507 1159 558 1221 per
571 1139 700 1202 eumdem
723 1141 801 1202 dom⁰
816 1142 952 1223 predicte,
971 1154 1000 1204 et
1012 1159 1115 1204 secun-

89 1264 101 1289 ιι
117 1255 178 1298 veto
190 1236 315 1299 continet
323 1236 399 1318 quod
414 1236 572 1298 Guiffredus
589 1237 730 1318 predictus
745 1237 847 1317 juravit
861 1257 974 1300 servare
996 1235 1116 1300 fideliter

39 1328 42 1329 ⁷
98 1351 135 1394 am
148 1333 223 1395 dome
236 1333 364 1416 predicte
385 1347 413 1397 et
426 1353 488 1397 esse
498 1333 587 1397 fidelis
602 1334 755 1398 secundum
774 1335 891 1400 formam
913 1349 1073 1399 contentam
1086 1333 1115 1402 iu

41 1431 235 1494 femineus.
524 1445 527 1451 ’
1131 1445 1133 1450 ’

36 1518 132 1602 ³
156 1533 233 1604 ltem,
253 1527 344 1609 quod.
360 1526 438 1608 publ.
464 1527 677 1591 instrumentum
699 1530 855 1593 conlectum
877 1550 961 1593 manu
982 1531 1116 1596 Joltannis

34 1617 238 1716 'Qauinotarii
262 1624 344 1706 publ.
367 1624 420 1687 sub
445 1644 518 1687 anno
538 1626 627 1688 Dr'rice
654 1633 763 1689 lucam.
792 1629 1113 1706 utcc⁰uxv1⁰,indtc.

37 1713 151 1798 osona,
166 1739 212 1783 xvr
226 1721 344 1784 kalend.
361 1722 489 1801 januarii,
506 1723 633 1787 contines
650 1723 726 1805 quod
744 1725 925 1808 Raymundus
942 1727 1114 1810 Berengarii,

113 1837 159 1879 rus
182 1819 367 1901 Morgiarum,
395 1819 561 1901 recognovit
576 1834 673 1883 tenere
697 1841 714 1882 a
742 1821 820 1884 dom⁰
836 1822 965 1904 Guigone
984 1824 1116 1906 dalphino

124 1917 176 1978 ensi
190 1916 324 1998 quicquid
338 1916 460 1980 habebat
471 1931 500 1980 et
515 1917 629 1981 tenebat
644 1917 672 1979 in
692 1932 784 1981 castro
805 1919 840 1982 de
857 1927 983 1984 Domena
1007 1936 1036 1988 et
1057 1921 1117 2004 ejus

118 2029 221 2078 amento
235 2036 252 2076 a
265 2028 360 2077 castro
377 2015 461 2077 Gerie
475 2016 608 2097 usquead
629 2030 750 2079 castrum
768 2018 804 2079 de
818 2024 913 2082 Petra.
1017 2002 1040 2042 '⁸

134 2116 229 2190 .ltem,
246 2111 338 2194 quod.
357 2110 434 2192 publ.
451 2111 665 2174 instrumentum
687 2112 821 2194 scriptum
838 2135 921 2177 manu
943 2114 1040 2178 Jacobi
1058 2122 1117 2180 Pa·

116 2210 200 2270 =otarii
214 2210 295 2291 publ.
313 2209 367 2271 sub
377 2228 451 2271 anno
467 2209 520 2270 Dr'ri
535 2215 723 2287 Mtcctuvro,
737 2209 833 2273 indict.
849 2225 924 2290 xum,
941 2231 990 2274 vur
1000 2213 1113 2276 kalend.

70 2346 101 2385 „224
119 2305 162 2382 ris,
194 2308 346 2369 continens
374 2306 597 2388 recognicionem
632 2307 734 2369 factam
771 2307 920 2389 Rodulpho
948 2307 1061 2372 domino
1080 2308 1116 2371 de

56 2392 120 2487 lJ·
135 2403 241 2467 ontibus
253 2420 307 2486 per
325 2410 439 2465 Petrum
454 2402 490 2465 de
513 2403 682 2481 Bucurione,
697 2404 733 2465 de
744 2404 796 2484 hiis
808 2425 864 2488 que
876 2405 994 2480 tenebat
1003 2405 1039 2468 ab
1054 2406 1116 2488 ipso

58 2539 61 2547 ›
79 2492 98 2577 ³j³f
122 2501 285 2564 Alavardum
303 2514 331 2564 et
343 2501 372 2562 in
384 2501 456 2563 valle
472 2500 612 2563 Alavardi.
1041 2555 1042 2558 ,

119 2605 140 2659 ἲ
158 2605 235 2676 uem,
267 2598 357 2680 quod.
374 2598 452 2678 publ.
482 2598 695 2661 instrumentum
711 2599 844 2680 scriptum
873 2619 956 2661 manu
989 2599 1116 2680 Hugonis

59 2703 101 2741 t
113 2695 164 2758 istii
173 2698 208 2760 de
222 2695 366 2759 Alavardo
376 2696 487 2773 notarii,
502 2696 554 2758 sub
565 2717 639 2759 anno
651 2704 761 2759 incarn.
777 2698 831 2760 Diri
844 2703 1114 2776 M⁰CC⁰LXXXIll⁰‚

131 2808 188 2874 rut,
205 2805 249 2856 111⁰
261 2813 353 2856 nonas
364 2793 506 2871 febroarii,
530 2795 657 2857 contines
678 2795 903 2876 recognicionem
923 2796 1024 2859 iactam
1038 2796 1116 2857 dom⁰

126 2891 175 2971 pho
190 2893 225 2954 de
241 2891 461 2954 intermontibus
470 2911 521 2973 per
535 2894 671 2956 Thomam
693 2893 782 2976 Oyani
797 2893 832 2956 de
844 2893 995 2970 Alavardo,
1014 2893 1049 2955 de
1064 2892 1116 2955 hiis

58 3008 93 3033 ⁸
116 2989 203 3052 nebat
213 3011 230 3052 a
241 2988 320 3052 dicto
330 2988 406 3050 dom.
420 2989 493 3051 Rod.
506 3004 534 3052 et
546 2990 629 3052 etiam
637 3010 682 3052 res
689 3010 743 3072 que
751 2990 865 3052 tenebat
874 3009 973 3053 versus
989 2988 1115 3051 cochiam

59 3080 82 3131 ·’ἶ
104 3087 186 3164 esio,
197 3088 285 3150 videl.
302 3087 657 3151 facitvrsolid.v111denar.
671 3087 706 3150 de
719 3088 821 3169 placito
835 3088 948 3170 quando
965 3085 1113 3167 contingit.

116 3203 140 3264 9.
161 3195 240 3264 lrem,
267 3185 357 3268 quod.
390 3185 469 3267 publ.
500 3187 713 3249 instrumentum
743 3186 875 3267 scriptum
905 3205 988 3248 manu
1020 3183 1116 3247 Jacobi

57 3280 72 3334 P
98 3281 234 3348 ·tinotarii
247 3284 328 3366 publ.
343 3283 395 3345 sub
405 3303 479 3346 anno
491 3283 742 3360 unim⁰cc⁰uvl⁰‚
757 3283 843 3346 indic.
861 3303 933 3360 xrur,
947 3296 989 3346 uta
1000 3282 1114 3346 kalend.

59 3400 64 3423 ·
108 3380 161 3456 uis,
179 3382 329 3445 continens
345 3380 570 3462 recognicionem
594 3381 695 3444 factam
710 3380 823 3443 domino
839 3380 875 3443 de
900 3378 1115 3443 intermontibus

121 3477 264 3541 uillelmum
280 3477 396 3540 Gilberti
405 3477 440 3539 de
455 3477 605 3553 Alavardo‚
621 3477 656 3539 de
674 3477 726 3540 hiis
741 3497 795 3559 que
822 3476 938 3541 tenebat
956 3477 992 3539 ab
1015 3476 1114 3540 eodem

94 3574 247 3639 mommo
263 3576 394 3657 dalphino
408 3575 448 3657 (l)
463 3575 490 3636 in
503 3577 577 3650 valle,
590 3575 625 3637 de
638 3575 789 3638 alavardo.

84 3687 141 3734 ro.
157 3679 235 3748 ltem,
255 3673 342 3755 quod.
359 3673 571 3734 instrumentum
591 3672 670 3753 publ.
696 3671 854 3734 confectum
872 3689 956 3731 manu
973 3669 1115 3733 Lancelmi

34 3764 36 3767 ’
80 3771 148 3831 rausii
167 3773 278 3846 notarii,
304 3771 355 3834 sub
367 3790 440 3833 anno
456 3771 573 3834 Nativit.
598 3771 652 3834 Diri
671 3776 881 3845 M⁰CCC⁰llll0‚
901 3768 988 3831 indic.
1015 3787 1056 3846 vt,
1073 3781 1115 3831 xr²

67 3861 144 3930 lend.
174 3869 341 3942 decembris,
368 3869 514 3930 continens
542 3868 767 3949 recognicionem
792 3867 894 3930 iactam
921 3885 973 3946 per
1000 3873 1115 3929 Petrum

15 3954 29 4037 ,ἦ
73 3957 140 4026 ienin
154 3966 188 4028 de
206 3966 320 4042 Crollio,
332 3965 378 4046 qui
393 3966 558 4047 recognovit
573 3965 787 4048 quasd.'petias
803 3963 958 4027 confinatas
986 3965 1013 4025 in
1040 3963 1115 4026 dicto

13 4076 36 4127 ·÷;.-
61 4068 124 4118 ustr¹⁰
138 4083 153 4124 a
166 4063 245 4125 domo
261 4062 408 4144 Rodulpho
415 4063 451 4126 de
460 4051 675 4126 Intermontibus
687 4061 738 4125 sub
746 4081 832 4125 censu
844 4080 852 4121 1
865 4059 975 4143 eymine
985 4060 1115 4122 frumenti

10 4148 38 4237 {32
56 4165 76 4212 et
86 4173 115 4216 xx
129 4158 222 4222 denar.
240 4160 275 4222 de
289 4160 401 4240 placito.
1105 4156 1108 4164 '
