2936 4898
712 437 870 516 ..38-

252 567 463 632 instrumentum
477 565 561 630 etiam
573 567 650 650 quod
665 567 756 630 dictus
772 567 901 630 dominus
913 567 949 629 de
963 566 1084 644 Tollino,
1099 586 1151 648 pro
1164 586 1195 630 se
1207 580 1235 630 et
1249 568 1326 630 ltere

253 664 334 728 dibus
358 664 425 738 suis,
446 662 611 744 recognovit
628 676 656 725 et
682 665 790 746 recepit
802 665 831 726 in
849 664 963 727 feudum
986 662 1121 726 reddibile
1148 677 1270 726 castrum
1293 665 1328 728 de

254 760 362 822 Tollino
388 758 540 840 predicta
566 759 642 821 dicto
656 759 732 822 dom.
748 761 875 822 iohanne
905 759 1048 841 dalphino,
1071 773 1171 840 exepto
1198 759 1262 821 loco
1283 762 1328 841 qui

254 858 353 920 dicitur
370 855 492 938 Cheypia
511 869 539 918 et
558 855 622 918 loco
643 858 690 937 qui
706 857 807 920 dicitur
827 864 935 920 Moreta
953 871 973 933 ¹,
992 869 1020 919 et
1031 856 1106 937 quod
1123 857 1200 919 dom.
1219 857 1329 938 dalplii-

253 974 305 1017 nus
314 973 371 1016 non
381 965 476 1034 posset
485 971 516 1014 se
531 971 656 1016 cressere
671 954 699 1016 in
714 954 861 1018 dictoloco
875 954 944 1017 etin
959 954 1153 1017 mandamento
1177 971 1230 1016 nec
1256 954 1330 1016 reci-

255 1069 321 1132 pere
332 1049 475 1131 gardarias
491 1068 540 1110 seu
550 1050 744 1114 comendarias
758 1052 818 1114 sine
832 1070 972 1114 concensu
989 1050 1092 1112 domini
1117 1050 1153 1112 de
1166 1050 1289 1126 Tollino,
1303 1064 1330 1113 et

255 1161 297 1210 est
321 1146 389 1208 dict.
407 1145 619 1209 instrumentum
640 1146 786 1227 sigillatum
810 1147 971 1228 impendenti
987 1147 1097 1211 duobus
1120 1146 1225 1228 sigillis,
1258 1146 1328 1209 silic.

255 1242 328 1305 dicte
340 1242 419 1304 domu
435 1241 574 1304 comitisse
585 1255 612 1307 et
627 1243 692 1306 dicti
707 1243 811 1306 domini
824 1244 860 1306 de
870 1242 990 1306 Tollino.

300 1358 364 1419 ¹75·
383 1346 461 1413 ltem,
489 1339 575 1419 quod.
596 1339 669 1401 aliud
684 1341 897 1405 instrumentum
925 1341 1057 1421 scripturn
1085 1322 1168 1400 manu
1197 1340 1330 1401 iohannis

257 1437 356 1499 Polleti
369 1437 405 1498 de
420 1437 629 1500 Montebrisono
642 1439 741 1501 notarii
759 1438 836 1520 publ.
853 1439 905 1502 sub
918 1457 992 1500 anno
1011 1438 1065 1499 Diri
1091 1443 1329 1513 M⁰CCC⁰XXVl⁰,
1451 1487 1452 1498 .

256 1532 301 1596 die
312 1533 440 1595 mercurii
450 1547 514 1614 post
523 1535 638 1597 octabas
652 1537 746 1599 Pache
760 1556 814 1618 que
829 1536 881 1599 fuit
896 1536 955 1598 dies
966 1549 997 1598 nt
1011 1534 1113 1596 mensis
1124 1533 1228 1615 aprilis,
1244 1534 1332 1596 conti-
1451 1531 1452 1552 ¹

256 1650 326 1693 nens
339 1630 477 1712 quandam
501 1631 671 1696 solucionem
685 1634 787 1696 iactam
804 1633 976 1714 procuratori
1004 1633 1076 1694 dom¹
1091 1631 1199 1694 comitis
1226 1630 1331 1693 Foresii

258 1731 320 1789 111m
338 1729 505 1791 florenorum
533 1729 561 1790 in
583 1731 825 1794 exthenuationem
844 1731 929 1794 debiti
951 1731 1059 1812 inquo
1081 1730 1157 1791 dom.
1185 1727 1332 1809 delphinus

256 1826 403 1888 tenebatur
417 1825 492 1889 dicto
507 1825 584 1888 dom.
596 1827 701 1904 comiti,
714 1840 743 1889 et
756 1827 902 1891 continens
914 1829 996 1890 etiam
1006 1825 1164 1906 homagium
1171 1824 1237 1886 dicti
1252 1823 1329 1886 dom.

257 1923 456 2002 procuratoris.

302 2019 366 2096 176.
384 2025 464 2096 ltem,
478 2019 564 2101 quod.
579 2020 615 2082 al.
633 2020 846 2082 instrumentum
859 2021 991 2102 scriptum
1002 2038 1085 2082 manu
1099 2018 1237 2082 Guillelmi
1250 2027 1333 2083 Lum-

257 2116 336 2177 bardi
353 2116 424 2178 sacri
437 2116 531 2197 palatii
548 2117 659 2196 notarii,
675 2117 727 2180 sub
740 2137 813 2179 anno
829 2118 882 2179 Diti
899 2121 1100 2192 M⁰CC⁰LXll⁰,
1128 2115 1224 2178 indict.
1242 2133 1272 2188 v,
1287 2115 1332 2177 die

258 2213 368 2276 veneris
389 2213 504 2276 infesto
532 2214 614 2278 beate
648 2215 734 2278 llarie
762 2213 929 2290 decembris,
954 2213 1100 2276 continens
1118 2201 1288 2272 solucionem
1310 2215 1332 2269 C

259 2329 413 2372 marcarum
438 2311 546 2393 argenti
570 2313 671 2376 iactam
698 2331 749 2394 per
781 2312 857 2374 dom.
886 2311 1041 2392 Guigonern
1069 2307 1228 2390 dalphinum
1255 2306 1333 2368 dom²

260 2408 408 2487 Margarite
422 2407 501 2468 uxori
514 2409 682 2489 marquionis
696 2408 903 2472 Montisferrati.

304 2521 367 2579 ¹77·
404 2511 483 2580 ltem,
509 2505 595 2584 quod.
620 2506 656 2568 al.
684 2507 895 2568 instrumentum
916 2505 1048 2586 scriptum
1073 2522 1156 2566 manu
1175 2504 1331 2586 Reymondi

260 2600 363 2660 Esmini
375 2600 410 2662 de
427 2601 530 2681 Upasio
544 2603 745 2684 notariipubl,
767 2605 819 2668 sub
834 2624 907 2667 annu
927 2604 980 2668 uni
998 2610 1266 2679 n⁰ccc0xxv111⁰‚
1284 2603 1329 2664 die

259 2715 316 2757 xxii
337 2697 440 2759 mensis
462 2698 603 2773 febroarii,
630 2719 657 2761 ιιι
683 2701 794 2779 indict,
822 2703 967 2764 continens
995 2702 1069 2782 quod
1098 2700 1279 2763 Thomassius
1306 2713 1334 2761 et

260 2793 375 2856 Gentilis
389 2794 425 2856 de
439 2795 583 2858 Florencia
604 2798 723 2860 conlessi
746 2799 857 2862 fuerunt
880 2799 916 2862 ad
927 2800 1084 2862 instantiam
1100 2799 1174 2861 dom¹
1192 2797 1333 2878 Hen(rici)

261 2890 389 2971 Delphini
402 2891 532 2956 habuisse
545 2907 573 2956 et
586 2896 724 2976 recepisse
740 2897 929 2978 octingentas
937 2896 1022 2960 libras
1047 2896 1197 2972 viennen,
1215 2914 1334 2976 compu-

259 2999 317 3048 tato
333 2994 446 3052 Turono
460 3009 512 3071 pro
526 3010 544 3051 ιι
559 2991 640 3054 solid.
659 3011 709 3054 νιιι
722 2993 833 3069 denam,
844 2993 873 3054 in
885 2993 986 3074 quibus
999 3012 1035 3054 ex
1048 3011 1132 3055 causa
1143 2991 1230 3053 mutui
1243 2992 1334 3055 dictus

259 3083 334 3146 dorn.
354 3087 490 3149 Henricus
506 3088 586 3150 dictis
599 3090 730 3153 fratribus
739 3091 897 3153 tenebatur.

281 3161 463 3261 ‘178.ltem.
485 3185 569 3265 qued.
599 3186 679 3250 litera
702 3188 848 3250 continens
863 3187 1053 3252 attestationes
1069 3185 1253 3267 quorumdam
1273 3197 1339 3248 tes-'

257 3278 324 3341 tium
349 3279 552 3362 deponencium
577 3285 664 3364 quod,
689 3285 822 3366 quicquid
846 3284 949 3346 domini
973 3285 1008 3346 de
1037 3283 1159 3366 Royanis
1181 3297 1280 3346 tenent
1305 3283 1333 3344 in

260 3380 383 3462 Royanis
397 3381 456 3444 sive
472 3381 501 3442 in
518 3382 667 3456 montanis,
679 3395 801 3445 tenenta
817 3381 919 3444 comite
934 3381 1093 3458 Viennensi,
1110 3393 1139 3443 et
1152 3394 1195 3443 est
1215 3380 1333 3462 sigillata

258 3476 346 3540 tribus
362 3477 499 3558 sigillisin
516 3477 659 3558 pendenti.

303 3593 368 3651 ¹79·
382 3582 461 3651 item,
476 3575 560 3656 qued.
576 3575 655 3638 litera
668 3575 786 3656 sigillata
802 3594 858 3637 uno
875 3576 976 3657 sigillo,
989 3576 1040 3638 sub
1055 3594 1129 3638 anno
1144 3575 1261 3638 Nativit.
1281 3577 1335 3637 Diri

260 3675 490 3747 M0CCC⁰XV110,
518 3671 663 3734 continens
686 3672 824 3752 quandam
851 3672 1047 3754 quietationem
1076 3672 1335 3754 quatringentorurn

259 3769 356 3829 iloren.
373 3768 432 3830 auri
456 3769 556 3830 iactam
580 3789 631 3850 per
652 3770 805 3831 iohannem
832 3783 861 3831 et
880 3769 1104 3832 Bartholomeum
1127 3768 1163 3830 de
1190 3768 1290 3830 Bardis
1307 3784 1337 3830 et

259 3886 354 3929 eorum
364 3867 456 3929 socios
471 3867 644 3931 lumbardos
660 3867 740 3930 dorn0
749 3867 866 3930 iohanni
883 3866 1014 3948 dalphino
1031 3867 1190 3930 Viennensi.

304 3966 367 4027 180.
387 3973 466 4027 ltenr.
495 3966 599 4047 quand.
616 3966 734 4030 litteram
759 3966 848 4048 sigillo
862 3966 934 4027 dorni
955 3965 1088 4046 Guigonis
1115 3964 1236 4045 dalphini
1260 3965 1337 4045 sigil-

299 4186 321 4228 ι.
336 4169 374 4223 En
388 4185 420 4223 m.
436 4170 456 4222 Α
471 4168 539 4224 Nota
551 4167 582 4222 de
596 4169 716 4225 Moresta.
