2894 4906
552 481 591 494 -
616 463 670 524 32⁷
691 479 731 494 a·

104 577 170 640 dere
181 577 242 658 juta
271 577 461 659 Delphinams.
475 611 516 626 «-
537 595 621 660 ¹9²3·
639 585 674 640 lt.
686 577 766 659 copia
780 576 888 658 cujum
915 576 1010 640 lictere
1024 577 1075 640 sub
1095 576 1176 657 signo

102 674 178 756 publ.
195 687 224 738 et
236 675 323 756 qood.
349 675 438 757 sigillo
457 675 585 758 sigillare,
601 693 686 756 super
701 674 869 757 quittacione
880 673 947 736 olim
961 673 1033 738 facta
1055 674 1176 737 vicissim

100 771 171 834 inter
184 771 263 834 dom.
282 779 316 833 B.
335 771 491 853 dalphinum
505 785 534 836 et
546 772 699 834 iohannem
720 771 780 852 ejus
804 770 889 835 lilium
904 784 933 835 et
944 772 1022 834 dom'.
1037 773 1176 834 comitem

100 869 267 932 uehentum:
288 903 329 918 -·
344 887 427 950 ¹9²4·
452 877 485 932 lt.
502 887 586 932 unam
599 869 723 932 lieteram
734 868 887 950 sigillatam
896 869 925 932 in
940 869 1073 951 pendenti
1087 868 1176 950 sigillo

99 966 208 1028 comitis
239 966 402 1029 Gebertnen.
431 966 507 1048 quod
540 967 658 1030 fractum
683 979 727 1030 est
755 966 784 1028 in
809 986 864 1030 una
891 966 933 1030 sui
960 979 1058 1048 purte,¹
1094 984 1177 1046 super

99 1062 284 1144 requisicione
302 1062 376 1126 lacta
399 1082 451 1144 per
464 1063 531 1126 dict.
547 1063 676 1127 comitem
691 1063 769 1126 dom⁰
793 1061 914 1126 ilenrico
941 1063 1080 1144 Delphini,
1096 1062 1177 1124 dom⁰

100 1161 222 1243 Guigoni
250 1161 381 1243 dalphino
402 1174 501 1224 contra
523 1160 653 1225 comitem
680 1159 828 1224 sabaudie:
860 1193 897 1209 --
931 1177 1014 1242 19²5·
1039 1166 1071 1223 lt.
1094 1178 1195 1242 unum¹

101 1258 225 1322 ueterem
241 1258 414 1323 comissionis
428 1257 500 1320 lacte
515 1277 566 1340 per
579 1257 655 1320 dom.
672 1257 831 1339 dalphinum
845 1257 892 1339 qui
908 1276 982 1320 nunc
991 1269 1034 1320 est
1046 1257 1178 1338 episcopo

102 1354 248 1418 Bellicertsi
269 1368 298 1418 et
318 1353 411 1418 abbati
436 1354 529 1418 Sancti
550 1353 682 1429 Anthoni,
702 1373 787 1435 super
803 1353 948 1437 questione
960 1367 1087 1418 vertente
1106 1355 1178 1417 inter

101 1451 191 1532 ipsum
215 1451 246 1514 d.
273 1451 432 1533 dalphinum
453 1465 482 1514 et
498 1452 626 1516 comitem
647 1449 796 1514 sabaudie.
823 1493 863 1506 -
883 1450 967 1533 1926.
983 1459 1017 1515 lt.
1033 1451 1114 1533 copia
1126 1452 1178 1516 sub

101 1547 179 1629 siguo
203 1546 281 1629 publ.
310 1548 418 1629 cujusd.
446 1547 619 1611 instrumenti
648 1567 732 1630 super
751 1547 880 1630 homagio
896 1548 970 1612 iacto
985 1569 1035 1630 per
1049 1549 1178 1612 comitem

102 1645 266 1708 Gebennen.
296 1646 375 1708 dom⁰
406 1652 491 1708 Petro
521 1645 613 1709 comiti
647 1645 795 1723 sabaudie,
826 1646 902 1709 salva
941 1645 1073 1710 fidelitate
1105 1647 1178 1710 dom'

102 1743 236 1825 Guigouis
261 1743 385 1825 delphini
414 1743 544 1806 condam.
569 1760 713 1823 -1927.
743 1750 778 1806 lt.
805 1742 854 1825 qd.
882 1743 1006 1806 lieteram
1033 1743 1178 1825 sigillatam

100 1839 210 1902 duobus
222 1839 329 1921 sigillis,
347 1859 431 1921 super
445 1839 595 1902 concordia
608 1840 682 1902 lacta
695 1837 767 1902 inter
782 1839 854 1903 ditos
865 1840 995 1905 comitem
1013 1841 1176 1904 Gebennen.

102 1951 129 2000 et
158 1945 307 2019 hugonem
330 1937 459 2000 comitem
486 1936 644 2020 Fucigniaci
670 1955 754 2017 super
772 1937 846 2000 iacto
865 1937 948 2000 castri
966 1937 1118 2020 Gayllardi.
1139 1969 1179 1986 -

106 2035 221 2116 rprsp.
248 2041 282 2098 lt.
309 2034 380 2096 duos
395 2033 514 2096 vidimus
537 2033 589 2096 sub
612 2034 707 2116 sigillis
723 2033 847 2098 officialia
862 2035 1073 2117 Gracionopolis
1094 2055 1179 2117 super

8 2159 9 2164 ¹
101 2131 303 2213 permutatione
329 2144 358 2194 et
378 2131 508 2214 quibusd.
532 2131 593 2194 eliis
608 2131 696 2212 pactis
710 2131 810 2195 habitis
831 2131 903 2194 inter
924 2131 1000 2195 dom.
1027 2133 1177 2196 Henricum

102 2229 230 2312 Dalphini
246 2243 274 2292 et
289 2230 442 2292 iohannem
456 2229 493 2290 de
508 2236 604 2292 Monte
614 2229 759 2310 Luppello.
768 2248 932 2311 -193o·1.
946 2236 979 2292 lt.
987 2230 1057 2293 duas
1068 2231 1178 2294 licteras

101 2327 219 2390 diversis
231 2327 327 2408 sigillis
343 2325 525 2408 sigillatas'de
536 2327 744 2408 permutacione
758 2327 830 2388 lacta
844 2326 916 2389 inter
929 2325 1005 2390 dom.
1017 2325 1177 2408 dalphinum

101 2437 129 2487 et
142 2423 320 2508 Eymericum
332 2423 367 2486 de
384 2424 567 2500 Brianczone,
582 2423 618 2486 de
630 2424 727 2500 castris
742 2423 777 2487 de
793 2423 870 2486 Bella
886 2423 993 2487 Combe
1009 2438 1038 2487 et
1054 2425 1089 2487 de
1104 2431 1179 2488 Var-

101 2522 152 2598 eia,
181 2522 211 2584 in
239 2521 339 2602 quibus
366 2520 432 2586 dict.
448 2521 609 2604 Eymericus
634 2521 699 2584 lecit
722 2521 881 2602 homagium
897 2521 977 2584 doru⁰
992 2521 1124 2604 delphino
1142 2521 1178 2586 de

103 2633 194 2682 castro
210 2618 307 2682 Varaie
320 2630 349 2680 et
365 2619 401 2680 de
416 2618 490 2682 facto
505 2619 541 2681 de
556 2619 652 2682 liberto
664 2618 741 2681 etde
756 2619 851 2682 Geria.
866 2651 908 2668 -·
921 2619 1019 2702 [816].
1035 2639 1175 2703 -1932·

8 2769 9 2786 ,
104 2725 136 2778 Ιῑ.
165 2716 349 2779 instrumenta
378 2716 569 2797 homagiomm
592 2729 619 2778 et
643 2715 869 2797 recognicionum
885 2716 1003 2798 plotium
1028 2717 1176 2796 baronum,

102 2813 314 2876 castellanorum
327 2826 355 2876 et
370 2813 485 2876 aliorum
496 2812 629 2876 nobilium
647 2832 734 2895 usque
756 2813 793 2875 ad
811 2833 957 2878 numerum
980 2817 1053 2876 x1¹¹
1075 2829 1176 2894 mxvr,

103 2929 154 2991 que
167 2911 282 2972 luerunt
293 2923 415 2978 extracta
432 2910 467 2973 de
479 2909 659 2991 prothocollis
674 2909 820 2974 Humberti
835 2910 916 2973 Pilati
929 2910 1057 2992 predicti.

140 3006 249 3092 Quibus
262 3006 461 3082 instrumentis,
477 3006 574 3070 litteris
593 3020 623 3069 et
643 3006 730 3088 copiis
743 3005 872 3086 repositis
890 3006 918 3068 in
932 3006 1007 3070 dicto
1021 3004 1135 3069 archivo
1147 3007 1176 3070 in
1196 3039 1205 3044 -

103 3103 248 3185 presencia
273 3104 384 3166 testium
411 3103 640 3184 prescriptorum,
655 3102 722 3168 dict.
740 3103 825 3166 irater
839 3109 944 3185 symon
967 3102 1060 3166 claves
1072 3103 1177 3184 recepit

104 3200 234 3281 sigillatas
250 3199 339 3281 sigillo
356 3199 433 3264 curie
443 3199 618 3281 dalphinalis.

533 3383 755 3440 multominus

114 3503 121 3515 ·
196 3480 238 3536 De
251 3473 304 3536 hiis
322 3493 376 3556 que
390 3473 565 3558 reperiuntur
581 3474 616 3536 de
630 3471 704 3536 facto
717 3487 792 3537 terre
810 3493 893 3557 quam
909 3473 992 3538 habet
1005 3472 1081 3535 dom.

319 3590 412 3634 comes
437 3570 629 3635 Gebennensis
658 3570 686 3633 in
711 3571 923 3654 Graysivodano
937 3584 957 3634 ¹.

145 3667 381 3751 [890.—913...
398 3676 492 3746 Petra,
507 3683 564 3732 tam
579 3668 607 3730 in
623 3669 792 3751 proprietate
806 3667 1107 3751 quaminjuridicione,
1119 3681 1176 3732 eta

106 3762 167 3824 loco
184 3764 218 3826 de
235 3766 355 3829 Toschia
367 3787 454 3848 usque
465 3767 501 3830 ad
515 3782 636 3832 castrum
644 3768 679 3830 de
695 3775 830 3830 Domena.
843 3802 879 3814 -
894 3766 979 3848 816.]

152 3880 233 3943 1933·
257 3866 403 3925 M011⁰Lll⁰
416 3864 527 3928 fuerunt
545 3879 657 3946 recepte
680 3863 889 3946 recogniciones
913 3861 1092 3944 particulares
1111 3859 1176 3924 dicti

108 3957 183 4021 dom.
201 3960 334 4042 Guigonis
347 3960 469 4043 dalphini
491 3962 519 4024 in
541 3962 659 4044 predict.
679 3961 747 4024 locis
768 3960 804 4024 de
817 3960 932 4038 Thasio,
947 3959 982 4022 de
998 3965 1082 4022 Petra
1097 3970 1125 4024 et
1141 3958 1177 4022 de

65 4123 67 4128 ·
109 4175 126 4230 f·
141 4124 175 4232 1112
186 4111 254 4236 Ιῶειέκ
264 4109 329 4166 Liber
345 4109 463 4184 copiarum
473 4111 564 4183 suctum
578 4109 673 4166 civitatis
686 4109 867 4185 Gratianopolit.
883 4108 1025 4184 tangentium
1039 4109 1082 4175 (B.
1100 4115 1173 4184 307),

268 4199 300 4238 xv
316 4188 352 4236 v·.
