<?xml version="1.0" encoding="UTF-8"?>
<!DOCTYPE html PUBLIC "-//W3C//DTD XHTML 1.0 Transitional//EN"
    "http://www.w3.org/TR/xhtml1/DTD/xhtml1-transitional.dtd">
<html xmlns="http://www.w3.org/1999/xhtml" xml:lang="en" lang="en">
 <head>
  <title>
</title>
<meta http-equiv="Content-Type" content="text/html;charset=utf-8" />
  <meta name='ocr-system' content='tesseract 3.04.00' />
  <meta name='ocr-capabilities' content='ocr_page ocr_carea ocr_par ocr_line ocrx_word'/>
</head>
<body>
  <div class='ocr_page' id='page_1' title='image "./inventairedesar00glgoog/inventairedesar00glgoog_0310.png"; bbox 0 0 2842 4900; ppageno 0'>
   <div class='ocr_carea' id='block_1_1' title="bbox 523 481 699 544">
    <p class='ocr_par' dir='ltr' id='par_1_1' title="bbox 523 481 699 544">
     <span class='ocr_line' id='line_1_1' title="bbox 523 481 699 544; baseline 0 -14"><span class='ocrx_word' id='word_1_1' title='bbox 523 481 699 544; x_wconf 52' lang='grc' dir='ltr'>ηις..</span> 
     </span>
    </p>
   </div>
   <div class='ocr_carea' id='block_1_2' title="bbox 10 609 1149 3989">
    <p class='ocr_par' dir='ltr' id='par_1_2' title="bbox 86 609 1149 1164">
     <span class='ocr_line' id='line_1_2' title="bbox 89 609 1147 690; baseline 0.002 -13"><span class='ocrx_word' id='word_1_2' title='bbox 89 613 154 677; x_wconf 77' lang='lat' dir='ltr'><strong>tuti</strong></span> <span class='ocrx_word' id='word_1_3' title='bbox 166 613 319 690; x_wconf 58' lang='lat' dir='ltr'><strong>cannutio</strong></span> <span class='ocrx_word' id='word_1_4' title='bbox 333 613 485 678; x_wconf 74' lang='lat' dir='ltr'><strong>torum</strong></span> <span class='ocrx_word' id='word_1_5' title='bbox 498 613 583 676; x_wconf 85' lang='lat' dir='ltr'><strong>filiurn</strong></span> <span class='ocrx_word' id='word_1_6' title='bbox 597 612 673 676; x_wconf 80' lang='lat' dir='ltr'><strong>Petri</strong></span> <span class='ocrx_word' id='word_1_7' title='bbox 686 612 727 676; x_wconf 80' lang='lat' dir='ltr'><strong>de</strong></span> <span class='ocrx_word' id='word_1_8' title='bbox 737 611 852 688; x_wconf 72' lang='lat' dir='ltr'><strong>nolint,</strong></span> <span class='ocrx_word' id='word_1_9' title='bbox 863 611 1021 676; x_wconf 70' lang='lat' dir='ltr'><strong>tonum</strong></span> <span class='ocrx_word' id='word_1_10' title='bbox 1030 609 1147 680; x_wconf 66' lang='lat' dir='ltr'><strong>dabui·</strong></span> 
     </span>
     <span class='ocr_line' id='line_1_3' title="bbox 88 703 1045 795; baseline 0.003 -23"><span class='ocrx_word' id='word_1_11' title='bbox 88 709 550 795; x_wconf 72' lang='lat' dir='ltr'><strong>inretlobanncmdcanneyoan.</strong></span> <span class='ocrx_word' id='word_1_12' title='bbox 1040 703 1045 712; x_wconf 72' lang='grc'><em>’</em></span> 
     </span>
     <span class='ocr_line' id='line_1_4' title="bbox 124 801 1148 890; baseline 0 -21"><span class='ocrx_word' id='word_1_13' title='bbox 124 807 202 888; x_wconf 75' lang='lat'>¹584</span> <span class='ocrx_word' id='word_1_14' title='bbox 226 815 306 885; x_wconf 80' lang='lat' dir='ltr'><strong>item,</strong></span> <span class='ocrx_word' id='word_1_15' title='bbox 321 809 463 890; x_wconf 84' lang='lat' dir='ltr'><strong>triapubl.</strong></span> <span class='ocrx_word' id='word_1_16' title='bbox 475 808 658 872; x_wconf 79' lang='lat' dir='ltr'><strong>instrumenta</strong></span> <span class='ocrx_word' id='word_1_17' title='bbox 668 801 1148 887; x_wconf 58' lang='lat' dir='ltr'><strong>conputanrtonnvnaluuma</strong></span> 
     </span>
     <span class='ocr_line' id='line_1_5' title="bbox 87 898 1147 988; baseline 0.001 -22"><span class='ocrx_word' id='word_1_18' title='bbox 87 902 216 982; x_wconf 73' lang='lat' dir='ltr'><strong>irbroerii¹</strong></span> <span class='ocrx_word' id='word_1_19' title='bbox 229 905 403 970; x_wconf 73' lang='lat' dir='ltr'><strong>contiomcia</strong></span> <span class='ocrx_word' id='word_1_20' title='bbox 418 905 547 986; x_wconf 80' lang='lat' dir='ltr'><strong>homagia</strong></span> <span class='ocrx_word' id='word_1_21' title='bbox 559 905 625 986; x_wconf 83' lang='lat' dir='ltr'><strong>ligia</strong></span> <span class='ocrx_word' id='word_1_22' title='bbox 637 904 753 988; x_wconf 70' lang='lat' dir='ltr'><strong>prestito</strong></span> <span class='ocrx_word' id='word_1_23' title='bbox 764 903 844 970; x_wconf 73' lang='lat' dir='ltr'><strong>tom</strong></span> <span class='ocrx_word' id='word_1_24' title='bbox 869 900 984 982; x_wconf 81' lang='lat' dir='ltr'><strong>Hogoni·</strong></span> <span class='ocrx_word' id='word_1_25' title='bbox 997 898 1147 980; x_wconf 76' lang='lat' dir='ltr'><strong>Dtlpbiuo.</strong></span> 
     </span>
     <span class='ocr_line' id='line_1_6' title="bbox 87 995 1149 1084; baseline 0 -20"><span class='ocrx_word' id='word_1_26' title='bbox 87 1001 188 1064; x_wconf 81' lang='lat' dir='ltr'><strong>domino</strong></span> <span class='ocrx_word' id='word_1_27' title='bbox 204 1002 374 1084; x_wconf 64' lang='lat' dir='ltr'><strong>Fumiffliaci,</strong></span> <span class='ocrx_word' id='word_1_28' title='bbox 386 1023 441 1084; x_wconf 83' lang='lat' dir='ltr'><strong>per</strong></span> <span class='ocrx_word' id='word_1_29' title='bbox 451 1002 620 1084; x_wconf 76' lang='lat' dir='ltr'><strong>Stephanum</strong></span> <span class='ocrx_word' id='word_1_30' title='bbox 632 999 806 1075; x_wconf 67' lang='lat' dir='ltr'><strong>devotum,</strong></span> <span class='ocrx_word' id='word_1_31' title='bbox 818 995 1149 1080; x_wconf 69' lang='lat' dir='ltr'><strong>nodunhundono&#39;nun</strong></span> 
     </span>
     <span class='ocr_line' id='line_1_7' title="bbox 86 1097 913 1164; baseline -0.004 -2"><span class='ocrx_word' id='word_1_32' title='bbox 86 1097 450 1162; x_wconf 72' lang='lat' dir='ltr'><strong>mtnrmonettobaonem</strong></span> <span class='ocrx_word' id='word_1_33' title='bbox 466 1097 691 1164; x_wconf 83' lang='lat' dir='ltr'><strong>decucuillione.</strong></span> <span class='ocrx_word' id='word_1_34' title='bbox 908 1103 913 1114; x_wconf 89' lang='lat'>&#39;</span> 
     </span>
    </p>

    <p class='ocr_par' dir='ltr' id='par_1_3' title="bbox 85 1191 1149 1561">
     <span class='ocr_line' id='line_1_8' title="bbox 123 1191 1149 1278; baseline 0.005 -22"><span class='ocrx_word' id='word_1_35' title='bbox 123 1196 202 1276; x_wconf 83' lang='lat'><em>1585.</em></span> <span class='ocrx_word' id='word_1_36' title='bbox 219 1203 299 1272; x_wconf 85' lang='lat' dir='ltr'><strong>ltem,</strong></span> <span class='ocrx_word' id='word_1_37' title='bbox 310 1195 515 1278; x_wconf 86' lang='lat' dir='ltr'><strong>quatuorpubl.</strong></span> <span class='ocrx_word' id='word_1_38' title='bbox 529 1195 713 1260; x_wconf 73' lang='lat' dir='ltr'><strong>instrumenta</strong></span> <span class='ocrx_word' id='word_1_39' title='bbox 724 1193 827 1276; x_wconf 84' lang='lat' dir='ltr'><strong>scripta</strong></span> <span class='ocrx_word' id='word_1_40' title='bbox 838 1191 882 1275; x_wconf 87' lang='lat' dir='ltr'><strong>(ut</strong></span> <span class='ocrx_word' id='word_1_41' title='bbox 900 1191 1056 1273; x_wconf 55' lang='lat' dir='ltr'><strong>utiabra*</strong></span> <span class='ocrx_word' id='word_1_42' title='bbox 1072 1206 1149 1260; x_wconf 69' lang='lat' dir='ltr'><strong>urcio</strong></span> 
     </span>
     <span class='ocr_line' id='line_1_9' title="bbox 85 1288 1146 1374; baseline -0.001 -21"><span class='ocrx_word' id='word_1_43' title='bbox 85 1291 245 1370; x_wconf 71' lang='lat' dir='ltr'><strong>njanuarii,</strong></span> <span class='ocrx_word' id='word_1_44' title='bbox 262 1292 433 1356; x_wconf 70' lang='lat' dir='ltr'><strong>continentia</strong></span> <span class='ocrx_word' id='word_1_45' title='bbox 444 1293 573 1374; x_wconf 83' lang='lat' dir='ltr'><strong>homagia</strong></span> <span class='ocrx_word' id='word_1_46' title='bbox 587 1291 651 1373; x_wconf 83' lang='lat' dir='ltr'><strong>ligia</strong></span> <span class='ocrx_word' id='word_1_47' title='bbox 665 1291 779 1373; x_wconf 76' lang='lat' dir='ltr'><strong>prestita</strong></span> <span class='ocrx_word' id='word_1_48' title='bbox 789 1290 866 1356; x_wconf 80' lang='lat' dir='ltr'><strong>dou</strong></span> <span class='ocrx_word' id='word_1_49' title='bbox 875 1288 1146 1374; x_wconf 79' lang='lat' dir='ltr'><strong>Hugonioalpltino,</strong></span> 
     </span>
     <span class='ocr_line' id='line_1_10' title="bbox 85 1385 1147 1470; baseline 0.006 -21"><span class='ocrx_word' id='word_1_50' title='bbox 85 1387 186 1450; x_wconf 87' lang='lat' dir='ltr'><strong>domino</strong></span> <span class='ocrx_word' id='word_1_51' title='bbox 203 1385 374 1469; x_wconf 78' lang='lat' dir='ltr'><strong>Fucignr&#39;aci,</strong></span> <span class='ocrx_word' id='word_1_52' title='bbox 391 1408 442 1470; x_wconf 85' lang='lat' dir='ltr'><strong>per</strong></span> <span class='ocrx_word' id='word_1_53' title='bbox 465 1396 610 1469; x_wconf 78' lang='lat' dir='ltr'><strong>taquotum</strong></span> <span class='ocrx_word' id='word_1_54' title='bbox 631 1386 669 1450; x_wconf 83' lang='lat' dir='ltr'><strong>de</strong></span> <span class='ocrx_word' id='word_1_55' title='bbox 696 1386 773 1452; x_wconf 86' lang='lat' dir='ltr'><strong>Bella</strong></span> <span class='ocrx_word' id='word_1_56' title='bbox 793 1385 903 1463; x_wconf 71' lang='lat' dir='ltr'><strong>canda,</strong></span> <span class='ocrx_word' id='word_1_57' title='bbox 920 1385 1092 1454; x_wconf 65' lang='lat' dir='ltr'><strong>chtbutt</strong></span> <span class='ocrx_word' id='word_1_58' title='bbox 1111 1385 1147 1454; x_wconf 79' lang='lat' dir='ltr'><strong>tltt</strong></span> 
     </span>
     <span class='ocr_line' id='line_1_11' title="bbox 88 1481 1048 1561; baseline 0.008 -17"><span class='ocrx_word' id='word_1_59' title='bbox 88 1483 155 1545; x_wconf 82' lang='lat' dir='ltr'><strong>Bella</strong></span> <span class='ocrx_word' id='word_1_60' title='bbox 170 1485 274 1561; x_wconf 80' lang='lat' dir='ltr'><strong>Gnrda,</strong></span> <span class='ocrx_word' id='word_1_61' title='bbox 291 1484 473 1548; x_wconf 74' lang='lat' dir='ltr'><strong>flambertum</strong></span> <span class='ocrx_word' id='word_1_62' title='bbox 489 1485 525 1548; x_wconf 82' lang='lat' dir='ltr'><strong>cle</strong></span> <span class='ocrx_word' id='word_1_63' title='bbox 542 1484 679 1560; x_wconf 78' lang='lat' dir='ltr'><strong>Flumeto,</strong></span> <span class='ocrx_word' id='word_1_64' title='bbox 696 1481 889 1550; x_wconf 75' lang='lat' dir='ltr'><strong>rannone</strong></span> <span class='ocrx_word' id='word_1_65' title='bbox 905 1482 1048 1552; x_wconf 68' lang='lat' dir='ltr'><strong>titano„</strong></span> 
     </span>
    </p>

    <p class='ocr_par' dir='ltr' id='par_1_4' title="bbox 10 1578 1148 1952">
     <span class='ocr_line' id='line_1_12' title="bbox 123 1578 1148 1663; baseline 0.007 -21"><span class='ocrx_word' id='word_1_66' title='bbox 123 1579 368 1660; x_wconf 65' lang='lat' dir='ltr'><strong>intuendae</strong></span> <span class='ocrx_word' id='word_1_67' title='bbox 385 1581 462 1663; x_wconf 85' lang='lat' dir='ltr'><strong>publ.</strong></span> <span class='ocrx_word' id='word_1_68' title='bbox 483 1581 664 1646; x_wconf 75' lang='lat' dir='ltr'><strong>instrumenta</strong></span> <span class='ocrx_word' id='word_1_69' title='bbox 675 1579 778 1661; x_wconf 72' lang='lat' dir='ltr'><strong>scripta</strong></span> <span class='ocrx_word' id='word_1_70' title='bbox 793 1578 836 1660; x_wconf 87' lang='lat' dir='ltr'><strong>(ut</strong></span> <span class='ocrx_word' id='word_1_71' title='bbox 845 1578 982 1662; x_wconf 64' lang='lat' dir='ltr'><strong>proceri),</strong></span> <span class='ocrx_word' id='word_1_72' title='bbox 999 1578 1148 1648; x_wconf 75' lang='lat' dir='ltr'><strong>conuncu-</strong></span> 
     </span>
     <span class='ocr_line' id='line_1_13' title="bbox 85 1675 1145 1759; baseline 0 -21"><span class='ocrx_word' id='word_1_73' title='bbox 85 1675 117 1738; x_wconf 81' lang='lat' dir='ltr'><strong>tia</strong></span> <span class='ocrx_word' id='word_1_74' title='bbox 127 1676 253 1758; x_wconf 75' lang='lat' dir='ltr'><strong>homagia</strong></span> <span class='ocrx_word' id='word_1_75' title='bbox 265 1677 330 1758; x_wconf 83' lang='lat' dir='ltr'><strong>ligia</strong></span> <span class='ocrx_word' id='word_1_76' title='bbox 343 1677 458 1759; x_wconf 84' lang='lat' dir='ltr'><strong>prestita</strong></span> <span class='ocrx_word' id='word_1_77' title='bbox 474 1677 553 1740; x_wconf 84' lang='lat' dir='ltr'><strong>dom⁰</strong></span> <span class='ocrx_word' id='word_1_78' title='bbox 568 1676 679 1758; x_wconf 80' lang='lat' dir='ltr'><strong>Hugoni</strong></span> <span class='ocrx_word' id='word_1_79' title='bbox 692 1676 840 1758; x_wconf 86' lang='lat' dir='ltr'><strong>Dalphino‚</strong></span> <span class='ocrx_word' id='word_1_80' title='bbox 852 1675 965 1738; x_wconf 87' lang='lat' dir='ltr'><strong>domiuo</strong></span> <span class='ocrx_word' id='word_1_81' title='bbox 976 1675 1145 1757; x_wconf 67' lang='lat' dir='ltr'><strong>rumpunt,</strong></span> 
     </span>
     <span class='ocr_line' id='line_1_14' title="bbox 10 1770 1148 1860; baseline 0.004 -26"><span class='ocrx_word' id='word_1_82' title='bbox 10 1833 11 1860; x_wconf 34' lang='lat'>3</span> <span class='ocrx_word' id='word_1_83' title='bbox 87 1791 129 1850; x_wconf 83' lang='lat' dir='ltr'><strong>pm</strong></span> <span class='ocrx_word' id='word_1_84' title='bbox 139 1773 292 1836; x_wconf 73' lang='lat' dir='ltr'><strong>iohannem</strong></span> <span class='ocrx_word' id='word_1_85' title='bbox 302 1773 327 1836; x_wconf 92' lang='lat' dir='ltr'><strong>le</strong></span> <span class='ocrx_word' id='word_1_86' title='bbox 340 1779 417 1836; x_wconf 82' lang='lat' dir='ltr'><strong>Rous</strong></span> <span class='ocrx_word' id='word_1_87' title='bbox 429 1773 464 1838; x_wconf 88' lang='lat' dir='ltr'><strong>de</strong></span> <span class='ocrx_word' id='word_1_88' title='bbox 476 1773 579 1838; x_wconf 75' lang='lat' dir='ltr'><strong>tullian</strong></span> <span class='ocrx_word' id='word_1_89' title='bbox 595 1785 623 1838; x_wconf 85' lang='lat' dir='ltr'><strong>et</strong></span> <span class='ocrx_word' id='word_1_90' title='bbox 635 1781 825 1855; x_wconf 80' lang='lat' dir='ltr'><strong>taquemetum</strong></span> <span class='ocrx_word' id='word_1_91' title='bbox 838 1770 926 1837; x_wconf 89' lang='lat' dir='ltr'><strong>lilium</strong></span> <span class='ocrx_word' id='word_1_92' title='bbox 936 1771 1056 1838; x_wconf 84' lang='lat' dir='ltr'><strong>condant</strong></span> <span class='ocrx_word' id='word_1_93' title='bbox 1071 1779 1148 1855; x_wconf 80' lang='lat' dir='ltr'><strong>Ray-</strong></span> 
     </span>
     <span class='ocr_line' id='line_1_15' title="bbox 10 1870 420 1952; baseline 0.012 -23"><span class='ocrx_word' id='word_1_94' title='bbox 10 1913 11 1952; x_wconf 54' lang='lat'>5</span> <span class='ocrx_word' id='word_1_95' title='bbox 88 1870 173 1932; x_wconf 87' lang='lat' dir='ltr'><strong>uondi</strong></span> <span class='ocrx_word' id='word_1_96' title='bbox 186 1870 222 1934; x_wconf 81' lang='lat' dir='ltr'><strong>de</strong></span> <span class='ocrx_word' id='word_1_97' title='bbox 237 1871 316 1934; x_wconf 77' lang='lat' dir='ltr'><strong>Bello</strong></span> <span class='ocrx_word' id='word_1_98' title='bbox 332 1871 420 1934; x_wconf 81' lang='lat' dir='ltr'><strong>Furti.</strong></span> 
     </span>
    </p>

    <p class='ocr_par' dir='ltr' id='par_1_5' title="bbox 10 1955 1148 2246">
     <span class='ocr_line' id='line_1_16' title="bbox 123 1967 1148 2051; baseline 0.006 -22.305"><span class='ocrx_word' id='word_1_99' title='bbox 123 1968 202 2048; x_wconf 79' lang='lat'>1587.</span> <span class='ocrx_word' id='word_1_100' title='bbox 220 1975 301 2045; x_wconf 83' lang='lat' dir='ltr'><strong>item,</strong></span> <span class='ocrx_word' id='word_1_101' title='bbox 317 1969 373 2032; x_wconf 90' lang='lat' dir='ltr'><strong>duo</strong></span> <span class='ocrx_word' id='word_1_102' title='bbox 389 1969 467 2050; x_wconf 89' lang='lat' dir='ltr'><strong>publ.</strong></span> <span class='ocrx_word' id='word_1_103' title='bbox 482 1969 664 2034; x_wconf 80' lang='lat' dir='ltr'><strong>irmtrumenta</strong></span> <span class='ocrx_word' id='word_1_104' title='bbox 680 1967 842 2051; x_wconf 72' lang='lat' dir='ltr'><strong>scripu&#39;(ur</strong></span> <span class='ocrx_word' id='word_1_105' title='bbox 861 1967 963 2051; x_wconf 55' lang='lat'>1585),&#39;</span> <span class='ocrx_word' id='word_1_106' title='bbox 978 1967 1148 2034; x_wconf 72' lang='lat' dir='ltr'><strong>continentia</strong></span> 
     </span>
     <span class='ocr_line' id='line_1_17' title="bbox 10 2061 1148 2147; baseline 0.009 -25"><span class='ocrx_word' id='word_1_107' title='bbox 10 2061 11 2112; x_wconf 80' lang='grc' dir='ltr'>ἶ</span> <span class='ocrx_word' id='word_1_108' title='bbox 87 2061 202 2146; x_wconf 79' lang='lat' dir='ltr'><strong>homagia</strong></span> <span class='ocrx_word' id='word_1_109' title='bbox 222 2065 338 2147; x_wconf 85' lang='lat' dir='ltr'><strong>prestita</strong></span> <span class='ocrx_word' id='word_1_110' title='bbox 351 2065 428 2130; x_wconf 85' lang='lat' dir='ltr'><strong>dom⁰</strong></span> <span class='ocrx_word' id='word_1_111' title='bbox 445 2065 559 2147; x_wconf 80' lang='lat' dir='ltr'><strong>Hugoni</strong></span> <span class='ocrx_word' id='word_1_112' title='bbox 575 2064 714 2147; x_wconf 65' lang='lat' dir='ltr'><strong>Daphni,</strong></span> <span class='ocrx_word' id='word_1_113' title='bbox 728 2065 841 2131; x_wconf 83' lang='lat' dir='ltr'><strong>domino</strong></span> <span class='ocrx_word' id='word_1_114' title='bbox 856 2064 1028 2147; x_wconf 83' lang='lat' dir='ltr'><strong>Fucigniaci,</strong></span> <span class='ocrx_word' id='word_1_115' title='bbox 1039 2073 1148 2147; x_wconf 60' lang='lat' dir='ltr'><strong>portu*</strong></span> 
     </span>
     <span class='ocr_line' id='line_1_18' title="bbox 89 2162 782 2246; baseline 0.009 -26"><span class='ocrx_word' id='word_1_116' title='bbox 89 2175 232 2240; x_wconf 87' lang='lat' dir='ltr'><strong>quemetum</strong></span> <span class='ocrx_word' id='word_1_117' title='bbox 248 2162 285 2224; x_wconf 87' lang='lat' dir='ltr'><strong>de</strong></span> <span class='ocrx_word' id='word_1_118' title='bbox 300 2162 397 2225; x_wconf 79' lang='lat' dir='ltr'><strong>Fracia</strong></span> <span class='ocrx_word' id='word_1_119' title='bbox 411 2175 439 2224; x_wconf 87' lang='lat' dir='ltr'><strong>et</strong></span> <span class='ocrx_word' id='word_1_120' title='bbox 454 2169 608 2246; x_wconf 69' lang='lat' dir='ltr'><strong>aymonem</strong></span> <span class='ocrx_word' id='word_1_121' title='bbox 622 2163 658 2224; x_wconf 90' lang='lat' dir='ltr'><strong>de</strong></span> <span class='ocrx_word' id='word_1_122' title='bbox 674 2163 782 2226; x_wconf 77' lang='lat' dir='ltr'><strong>Fracia.</strong></span> 
     </span>
    </p>

    <p class='ocr_par' dir='ltr' id='par_1_6' title="bbox 10 2259 1149 3505">
     <span class='ocr_line' id='line_1_19' title="bbox 125 2259 1148 2341; baseline 0.002 -21"><span class='ocrx_word' id='word_1_123' title='bbox 125 2259 203 2340; x_wconf 81' lang='lat'>1588.</span> <span class='ocrx_word' id='word_1_124' title='bbox 220 2267 301 2335; x_wconf 85' lang='lat' dir='ltr'><strong>item,</strong></span> <span class='ocrx_word' id='word_1_125' title='bbox 320 2259 406 2341; x_wconf 89' lang='lat' dir='ltr'><strong>quod.</strong></span> <span class='ocrx_word' id='word_1_126' title='bbox 424 2260 461 2324; x_wconf 90' lang='lat' dir='ltr'><strong>al.</strong></span> <span class='ocrx_word' id='word_1_127' title='bbox 483 2259 695 2324; x_wconf 75' lang='lat' dir='ltr'><strong>instrumentum</strong></span> <span class='ocrx_word' id='word_1_128' title='bbox 717 2260 849 2341; x_wconf 78' lang='lat' dir='ltr'><strong>scriptum</strong></span> <span class='ocrx_word' id='word_1_129' title='bbox 866 2278 950 2324; x_wconf 88' lang='lat' dir='ltr'><strong>manu</strong></span> <span class='ocrx_word' id='word_1_130' title='bbox 974 2259 1148 2326; x_wconf 74' lang='lat' dir='ltr'><strong>mauronti</strong></span> 
     </span>
     <span class='ocr_line' id='line_1_20' title="bbox 89 2343 1147 2438; baseline 0.004 -22"><span class='ocrx_word' id='word_1_131' title='bbox 89 2357 198 2422; x_wconf 79' lang='lat' dir='ltr'><strong>uorandi</strong></span> <span class='ocrx_word' id='word_1_132' title='bbox 210 2357 247 2422; x_wconf 80' lang='lat' dir='ltr'><strong>te</strong></span> <span class='ocrx_word' id='word_1_133' title='bbox 261 2357 406 2422; x_wconf 83' lang='lat' dir='ltr'><strong>salauohia</strong></span> <span class='ocrx_word' id='word_1_134' title='bbox 412 2357 512 2420; x_wconf 88' lang='lat' dir='ltr'><strong>notarii</strong></span> <span class='ocrx_word' id='word_1_135' title='bbox 517 2356 595 2438; x_wconf 92' lang='lat' dir='ltr'><strong>publ.</strong></span> <span class='ocrx_word' id='word_1_136' title='bbox 605 2358 656 2421; x_wconf 80' lang='lat' dir='ltr'><strong>sub</strong></span> <span class='ocrx_word' id='word_1_137' title='bbox 664 2377 737 2422; x_wconf 87' lang='lat' dir='ltr'><strong>anno</strong></span> <span class='ocrx_word' id='word_1_138' title='bbox 747 2357 801 2422; x_wconf 77' lang='lat' dir='ltr'><strong>Diti</strong></span> <span class='ocrx_word' id='word_1_139' title='bbox 809 2343 985 2432; x_wconf 54' lang='grc' dir='ltr'><strong>ΜοῦὸῦθΧΰ,</strong></span> <span class='ocrx_word' id='word_1_140' title='bbox 995 2356 1081 2420; x_wconf 85' lang='lat' dir='ltr'><strong>indic.</strong></span> <span class='ocrx_word' id='word_1_141' title='bbox 1093 2370 1147 2434; x_wconf 77' lang='lat' dir='ltr'><strong>uu,</strong></span> 
     </span>
     <span class='ocr_line' id='line_1_21' title="bbox 87 2452 1148 2536; baseline 0.006 -24"><span class='ocrx_word' id='word_1_142' title='bbox 87 2453 187 2518; x_wconf 68' lang='lat' dir='ltr'><strong>ulidus</strong></span> <span class='ocrx_word' id='word_1_143' title='bbox 199 2454 328 2534; x_wconf 84' lang='lat' dir='ltr'><strong>januarii,</strong></span> <span class='ocrx_word' id='word_1_144' title='bbox 342 2453 487 2518; x_wconf 79' lang='lat' dir='ltr'><strong>continent</strong></span> <span class='ocrx_word' id='word_1_145' title='bbox 509 2452 584 2536; x_wconf 87' lang='lat' dir='ltr'><strong>quod</strong></span> <span class='ocrx_word' id='word_1_146' title='bbox 601 2460 701 2517; x_wconf 83' lang='lat' dir='ltr'><strong>Petrus</strong></span> <span class='ocrx_word' id='word_1_147' title='bbox 714 2453 750 2516; x_wconf 87' lang='lat' dir='ltr'><strong>de</strong></span> <span class='ocrx_word' id='word_1_148' title='bbox 766 2453 860 2517; x_wconf 87' lang='lat' dir='ltr'><strong>Lulins</strong></span> <span class='ocrx_word' id='word_1_149' title='bbox 873 2453 1047 2528; x_wconf 76' lang='lat' dir='ltr'><strong>domicellus,</strong></span> <span class='ocrx_word' id='word_1_150' title='bbox 1075 2452 1148 2518; x_wconf 80' lang='lat' dir='ltr'><strong>filus</strong></span> 
     </span>
     <span class='ocr_line' id='line_1_22' title="bbox 86 2550 1149 2635; baseline 0.004 -22.733"><span class='ocrx_word' id='word_1_151' title='bbox 86 2550 191 2614; x_wconf 81' lang='lat' dir='ltr'><strong>condam</strong></span> <span class='ocrx_word' id='word_1_152' title='bbox 205 2551 279 2614; x_wconf 92' lang='lat' dir='ltr'><strong>dom¹</strong></span> <span class='ocrx_word' id='word_1_153' title='bbox 296 2550 405 2616; x_wconf 84' lang='lat' dir='ltr'><strong>Girardi</strong></span> <span class='ocrx_word' id='word_1_154' title='bbox 430 2551 466 2614; x_wconf 84' lang='lat' dir='ltr'><strong>da</strong></span> <span class='ocrx_word' id='word_1_155' title='bbox 491 2551 613 2615; x_wconf 85' lang='lat' dir='ltr'><strong>Sisterna</strong></span> <span class='ocrx_word' id='word_1_156' title='bbox 629 2550 694 2616; x_wconf 86' lang='lat' dir='ltr'><strong>lecit</strong></span> <span class='ocrx_word' id='word_1_157' title='bbox 718 2550 878 2616; x_wconf 84' lang='lat' dir='ltr'><strong>fidelitatem</strong></span> <span class='ocrx_word' id='word_1_158' title='bbox 904 2551 996 2635; x_wconf 79' lang='lat' dir='ltr'><strong>ligiam</strong></span> <span class='ocrx_word' id='word_1_159' title='bbox 1025 2552 1094 2616; x_wconf 83' lang='lat' dir='ltr'><strong>hora</strong></span> <span class='ocrx_word' id='word_1_160' title='bbox 1121 2563 1149 2617; x_wconf 85' lang='lat' dir='ltr'><strong>et</strong></span> 
     </span>
     <span class='ocr_line' id='line_1_23' title="bbox 10 2648 1149 2732; baseline 0.004 -22"><span class='ocrx_word' id='word_1_161' title='bbox 10 2679 11 2684; x_wconf 16' lang='grc' dir='ltr'><strong>κ</strong></span> <span class='ocrx_word' id='word_1_162' title='bbox 85 2665 157 2712; x_wconf 80' lang='lat' dir='ltr'><strong>uano</strong></span> <span class='ocrx_word' id='word_1_163' title='bbox 171 2648 251 2712; x_wconf 77' lang='lat' dir='ltr'><strong>dom⁰</strong></span> <span class='ocrx_word' id='word_1_164' title='bbox 268 2648 392 2714; x_wconf 85' lang='lat' dir='ltr'><strong>ttoberro</strong></span> <span class='ocrx_word' id='word_1_165' title='bbox 405 2648 575 2730; x_wconf 83' lang='lat' dir='ltr'><strong>Vagn(ardi)</strong></span> <span class='ocrx_word' id='word_1_166' title='bbox 591 2648 679 2726; x_wconf 86' lang='lat' dir='ltr'><strong>militi,</strong></span> <span class='ocrx_word' id='word_1_167' title='bbox 696 2648 818 2732; x_wconf 84' lang='lat' dir='ltr'><strong>bayllivo</strong></span> <span class='ocrx_word' id='word_1_168' title='bbox 843 2663 910 2714; x_wconf 88' lang='lat' dir='ltr'><strong>tunc</strong></span> <span class='ocrx_word' id='word_1_169' title='bbox 936 2663 1046 2732; x_wconf 81' lang='lat' dir='ltr'><strong>tempus</strong></span> <span class='ocrx_word' id='word_1_170' title='bbox 1074 2664 1149 2714; x_wconf 78' lang='lat' dir='ltr'><strong>terre</strong></span> 
     </span>
     <span class='ocr_line' id='line_1_24' title="bbox 10 2741 1148 2832; baseline 0.011 -32"><span class='ocrx_word' id='word_1_171' title='bbox 10 2771 12 2800; x_wconf 65' lang='lat' dir='ltr'><strong>r</strong></span> <span class='ocrx_word' id='word_1_172' title='bbox 87 2741 244 2824; x_wconf 81' lang='lat' dir='ltr'><strong>Fucigniaci,</strong></span> <span class='ocrx_word' id='word_1_173' title='bbox 261 2744 403 2827; x_wconf 85' lang='lat' dir='ltr'><strong>recipienti</strong></span> <span class='ocrx_word' id='word_1_174' title='bbox 418 2745 541 2822; x_wconf 90' lang='lat' dir='ltr'><strong>nomine,</strong></span> <span class='ocrx_word' id='word_1_175' title='bbox 552 2745 614 2808; x_wconf 89' lang='lat' dir='ltr'><strong>vice</strong></span> <span class='ocrx_word' id='word_1_176' title='bbox 628 2759 656 2808; x_wconf 89' lang='lat' dir='ltr'><strong>et</strong></span> <span class='ocrx_word' id='word_1_177' title='bbox 670 2746 706 2808; x_wconf 89' lang='lat' dir='ltr'><strong>ad</strong></span> <span class='ocrx_word' id='word_1_178' title='bbox 720 2765 791 2828; x_wconf 76' lang='lat' dir='ltr'><strong>opus</strong></span> <span class='ocrx_word' id='word_1_179' title='bbox 803 2745 850 2808; x_wconf 84' lang='lat' dir='ltr'><strong>ill&#39;⁸</strong></span> <span class='ocrx_word' id='word_1_180' title='bbox 865 2746 917 2809; x_wconf 90' lang='lat' dir='ltr'><strong>viri</strong></span> <span class='ocrx_word' id='word_1_181' title='bbox 931 2747 1007 2810; x_wconf 84' lang='lat' dir='ltr'><strong>dom.</strong></span> <span class='ocrx_word' id='word_1_182' title='bbox 1021 2749 1148 2832; x_wconf 81' lang='lat' dir='ltr'><strong>Hugouia</strong></span> 
     </span>
     <span class='ocr_line' id='line_1_25' title="bbox 10 2838 1149 2924; baseline 0.003 -18"><span class='ocrx_word' id='word_1_183' title='bbox 10 2867 11 2906; x_wconf 78' lang='lat'><em>3</em></span> <span class='ocrx_word' id='word_1_184' title='bbox 88 2838 215 2920; x_wconf 82' lang='lat' dir='ltr'><strong>llalpbini,</strong></span> <span class='ocrx_word' id='word_1_185' title='bbox 233 2839 339 2906; x_wconf 81' lang='lat' dir='ltr'><strong>domini</strong></span> <span class='ocrx_word' id='word_1_186' title='bbox 351 2853 424 2905; x_wconf 83' lang='lat' dir='ltr'><strong>terre</strong></span> <span class='ocrx_word' id='word_1_187' title='bbox 436 2841 606 2924; x_wconf 84' lang='lat' dir='ltr'><strong>Fucigniaci,</strong></span> <span class='ocrx_word' id='word_1_188' title='bbox 623 2855 651 2904; x_wconf 89' lang='lat' dir='ltr'><strong>et</strong></span> <span class='ocrx_word' id='word_1_189' title='bbox 664 2843 1149 2924; x_wconf 75' lang='lat' dir='ltr'><strong>accepitinleudtunetdeioudoet</strong></span> 
     </span>
     <span class='ocr_line' id='line_1_26' title="bbox 85 2934 1148 3022; baseline 0.008 -27"><span class='ocrx_word' id='word_1_190' title='bbox 85 2934 115 2997; x_wconf 84' lang='lat' dir='ltr'><strong>de</strong></span> <span class='ocrx_word' id='word_1_191' title='bbox 129 2935 249 3000; x_wconf 88' lang='lat' dir='ltr'><strong>dominio</strong></span> <span class='ocrx_word' id='word_1_192' title='bbox 264 2936 331 3000; x_wconf 89' lang='lat' dir='ltr'><strong>dicti</strong></span> <span class='ocrx_word' id='word_1_193' title='bbox 344 2937 420 3001; x_wconf 83' lang='lat' dir='ltr'><strong>donn.</strong></span> <span class='ocrx_word' id='word_1_194' title='bbox 438 2937 596 3020; x_wconf 82' lang='lat' dir='ltr'><strong>Fucigniaci</strong></span> <span class='ocrx_word' id='word_1_195' title='bbox 614 2939 774 3022; x_wconf 86' lang='lat' dir='ltr'><strong>omniaque</strong></span> <span class='ocrx_word' id='word_1_196' title='bbox 788 2940 883 3017; x_wconf 86' lang='lat' dir='ltr'><strong>habet,</strong></span> <span class='ocrx_word' id='word_1_197' title='bbox 905 2954 982 3004; x_wconf 85' lang='lat' dir='ltr'><strong>tenet</strong></span> <span class='ocrx_word' id='word_1_198' title='bbox 994 2939 1044 3004; x_wconf 84' lang='lat' dir='ltr'><strong>vel.</strong></span> <span class='ocrx_word' id='word_1_199' title='bbox 1055 2940 1148 3022; x_wconf 81' lang='lat' dir='ltr'><strong>posci-</strong></span> 
     </span>
     <span class='ocr_line' id='line_1_27' title="bbox 14 3031 1147 3118; baseline 0.005 -24"><span class='ocrx_word' id='word_1_200' title='bbox 14 3038 17 3051; x_wconf 93' lang='lat'>&#39;</span> <span class='ocrx_word' id='word_1_201' title='bbox 85 3031 124 3094; x_wconf 79' lang='lat' dir='ltr'><strong>dot</strong></span> <span class='ocrx_word' id='word_1_202' title='bbox 132 3053 179 3114; x_wconf 88' lang='lat' dir='ltr'><strong>per</strong></span> <span class='ocrx_word' id='word_1_203' title='bbox 189 3032 274 3097; x_wconf 78' lang='lat' dir='ltr'><strong>nevel</strong></span> <span class='ocrx_word' id='word_1_204' title='bbox 286 3051 336 3114; x_wconf 90' lang='lat' dir='ltr'><strong>per</strong></span> <span class='ocrx_word' id='word_1_205' title='bbox 349 3033 432 3098; x_wconf 86' lang='lat' dir='ltr'><strong>aliurn</strong></span> <span class='ocrx_word' id='word_1_206' title='bbox 446 3035 475 3098; x_wconf 93' lang='lat' dir='ltr'><strong>in</strong></span> <span class='ocrx_word' id='word_1_207' title='bbox 489 3048 549 3098; x_wconf 87' lang='lat' dir='ltr'><strong>tota</strong></span> <span class='ocrx_word' id='word_1_208' title='bbox 568 3036 715 3117; x_wconf 83' lang='lat' dir='ltr'><strong>parrochia</strong></span> <span class='ocrx_word' id='word_1_209' title='bbox 730 3035 767 3100; x_wconf 84' lang='lat' dir='ltr'><strong>de</strong></span> <span class='ocrx_word' id='word_1_210' title='bbox 781 3037 882 3112; x_wconf 84' lang='lat' dir='ltr'><strong>tlllinn,</strong></span> <span class='ocrx_word' id='word_1_211' title='bbox 896 3037 981 3100; x_wconf 83' lang='lat' dir='ltr'><strong>videl.</strong></span> <span class='ocrx_word' id='word_1_212' title='bbox 990 3037 1084 3100; x_wconf 86' lang='lat' dir='ltr'><strong>ornnia</strong></span> <span class='ocrx_word' id='word_1_213' title='bbox 1093 3055 1147 3118; x_wconf 86' lang='lat' dir='ltr'><strong>que</strong></span> 
     </span>
     <span class='ocr_line' id='line_1_28' title="bbox 84 3128 1148 3216; baseline 0.006 -26"><span class='ocrx_word' id='word_1_214' title='bbox 84 3130 198 3211; x_wconf 84' lang='lat' dir='ltr'><strong>accipere</strong></span> <span class='ocrx_word' id='word_1_215' title='bbox 210 3143 305 3212; x_wconf 86' lang='lat' dir='ltr'><strong>potest</strong></span> <span class='ocrx_word' id='word_1_216' title='bbox 315 3128 346 3192; x_wconf 91' lang='lat' dir='ltr'><strong>in</strong></span> <span class='ocrx_word' id='word_1_217' title='bbox 353 3131 437 3195; x_wconf 86' lang='lat' dir='ltr'><strong>feudo</strong></span> <span class='ocrx_word' id='word_1_218' title='bbox 450 3131 588 3214; x_wconf 75' lang='lat' dir='ltr'><strong>abaliquo</strong></span> <span class='ocrx_word' id='word_1_219' title='bbox 604 3131 735 3211; x_wconf 80' lang='lat' dir='ltr'><strong>domin03</strong></span> <span class='ocrx_word' id='word_1_220' title='bbox 747 3145 836 3214; x_wconf 87' lang='lat' dir='ltr'><strong>etpro</strong></span> <span class='ocrx_word' id='word_1_221' title='bbox 846 3133 919 3196; x_wconf 85' lang='lat' dir='ltr'><strong>dicta</strong></span> <span class='ocrx_word' id='word_1_222' title='bbox 929 3132 1064 3216; x_wconf 54' lang='lat' dir='ltr'><strong>xfidelitate</strong></span> <span class='ocrx_word' id='word_1_223' title='bbox 1080 3151 1148 3196; x_wconf 91' lang='lat' dir='ltr'><strong>con·</strong></span> 
     </span>
     <span class='ocr_line' id='line_1_29' title="bbox 85 3223 1148 3310; baseline 0 -20"><span class='ocrx_word' id='word_1_224' title='bbox 85 3223 162 3292; x_wconf 72' lang='lat' dir='ltr'><strong>lcuua</strong></span> <span class='ocrx_word' id='word_1_225' title='bbox 175 3227 225 3292; x_wconf 87' lang='lat' dir='ltr'><strong>luit</strong></span> <span class='ocrx_word' id='word_1_226' title='bbox 237 3227 306 3292; x_wconf 87' lang='lat' dir='ltr'><strong>dict.</strong></span> <span class='ocrx_word' id='word_1_227' title='bbox 324 3233 425 3292; x_wconf 77' lang='lat' dir='ltr'><strong>Petrus</strong></span> <span class='ocrx_word' id='word_1_228' title='bbox 438 3225 612 3292; x_wconf 72' lang='lat' dir='ltr'><strong>oe&#39;habuiose</strong></span> <span class='ocrx_word' id='word_1_229' title='bbox 627 3242 656 3292; x_wconf 83' lang='lat' dir='ltr'><strong>et</strong></span> <span class='ocrx_word' id='word_1_230' title='bbox 668 3229 809 3310; x_wconf 70' lang='lat' dir='ltr'><strong>recepisse</strong></span> <span class='ocrx_word' id='word_1_231' title='bbox 828 3249 844 3292; x_wconf 87' lang='lat' dir='ltr'><strong>a</strong></span> <span class='ocrx_word' id='word_1_232' title='bbox 867 3229 942 3292; x_wconf 81' lang='lat' dir='ltr'><strong>dicto</strong></span> <span class='ocrx_word' id='word_1_233' title='bbox 957 3228 1070 3292; x_wconf 81' lang='lat' dir='ltr'><strong>donuno</strong></span> <span class='ocrx_word' id='word_1_234' title='bbox 1094 3235 1148 3291; x_wconf 78' lang='lat' dir='ltr'><strong>Fu-</strong></span> 
     </span>
     <span class='ocr_line' id='line_1_30' title="bbox 86 3322 1148 3408; baseline 0.004 -26"><span class='ocrx_word' id='word_1_235' title='bbox 86 3322 188 3404; x_wconf 84' lang='lat' dir='ltr'><strong>n&#39;gniaci</strong></span> <span class='ocrx_word' id='word_1_236' title='bbox 202 3345 254 3408; x_wconf 89' lang='lat' dir='ltr'><strong>per</strong></span> <span class='ocrx_word' id='word_1_237' title='bbox 268 3344 379 3388; x_wconf 88' lang='lat' dir='ltr'><strong>manum</strong></span> <span class='ocrx_word' id='word_1_238' title='bbox 392 3325 507 3406; x_wconf 88' lang='lat' dir='ltr'><strong>predicti</strong></span> <span class='ocrx_word' id='word_1_239' title='bbox 523 3325 552 3388; x_wconf 90' lang='lat' dir='ltr'><strong>d.</strong></span> <span class='ocrx_word' id='word_1_240' title='bbox 570 3326 696 3401; x_wconf 84' lang='lat' dir='ltr'><strong>Roberti,</strong></span> <span class='ocrx_word' id='word_1_241' title='bbox 711 3326 844 3389; x_wconf 89' lang='lat' dir='ltr'><strong>solventis</strong></span> <span class='ocrx_word' id='word_1_242' title='bbox 865 3339 894 3388; x_wconf 91' lang='lat' dir='ltr'><strong>et</strong></span> <span class='ocrx_word' id='word_1_243' title='bbox 906 3323 1148 3388; x_wconf 81' lang='lat' dir='ltr'><strong>deliberantinno·</strong></span> 
     </span>
     <span class='ocr_line' id='line_1_31' title="bbox 86 3421 1026 3505; baseline 0.003 -22"><span class='ocrx_word' id='word_1_244' title='bbox 86 3421 148 3486; x_wconf 89' lang='lat' dir='ltr'><strong>nine</strong></span> <span class='ocrx_word' id='word_1_245' title='bbox 160 3424 225 3488; x_wconf 80' lang='lat' dir='ltr'><strong>dicti</strong></span> <span class='ocrx_word' id='word_1_246' title='bbox 235 3423 342 3486; x_wconf 79' lang='lat' dir='ltr'><strong>domim</strong></span> <span class='ocrx_word' id='word_1_247' title='bbox 358 3423 528 3505; x_wconf 69' lang='lat' dir='ltr'><strong>Fucigniaci</strong></span> <span class='ocrx_word' id='word_1_248' title='bbox 546 3443 603 3487; x_wconf 78' lang='lat' dir='ltr'><strong>xxv</strong></span> <span class='ocrx_word' id='word_1_249' title='bbox 616 3424 701 3488; x_wconf 78' lang='lat' dir='ltr'><strong>libras</strong></span> <span class='ocrx_word' id='word_1_250' title='bbox 711 3423 849 3488; x_wconf 87' lang='lat' dir='ltr'><strong>bonorum</strong></span> <span class='ocrx_word' id='word_1_251' title='bbox 863 3421 1026 3486; x_wconf 81' lang='lat' dir='ltr'><strong>Gebenncn.</strong></span> 
     </span>
    </p>

    <p class='ocr_par' dir='ltr' id='par_1_7' title="bbox 86 3509 1147 3989">
     <span class='ocr_line' id='line_1_32' title="bbox 121 3509 1147 3604; baseline 0 -21"><span class='ocrx_word' id='word_1_252' title='bbox 121 3520 201 3602; x_wconf 80' lang='lat'>1589.</span> <span class='ocrx_word' id='word_1_253' title='bbox 219 3529 301 3598; x_wconf 82' lang='lat' dir='ltr'><strong>item,</strong></span> <span class='ocrx_word' id='word_1_254' title='bbox 315 3509 402 3604; x_wconf 84' lang='lat' dir='ltr'><strong>qu&#39;od.</strong></span> <span class='ocrx_word' id='word_1_255' title='bbox 420 3520 457 3584; x_wconf 91' lang='lat' dir='ltr'><strong>al.</strong></span> <span class='ocrx_word' id='word_1_256' title='bbox 473 3521 551 3603; x_wconf 90' lang='lat' dir='ltr'><strong>publ.</strong></span> <span class='ocrx_word' id='word_1_257' title='bbox 579 3521 790 3586; x_wconf 85' lang='lat' dir='ltr'><strong>instrumentum</strong></span> <span class='ocrx_word' id='word_1_258' title='bbox 817 3523 950 3603; x_wconf 86' lang='lat' dir='ltr'><strong>scriptum</strong></span> <span class='ocrx_word' id='word_1_259' title='bbox 968 3539 1053 3583; x_wconf 91' lang='lat' dir='ltr'><strong>manu</strong></span> <span class='ocrx_word' id='word_1_260' title='bbox 1071 3519 1147 3584; x_wconf 80' lang='lat' dir='ltr'><strong>Petri</strong></span> 
     </span>
     <span class='ocr_line' id='line_1_33' title="bbox 87 3615 1146 3700; baseline 0.006 -26"><span class='ocrx_word' id='word_1_261' title='bbox 87 3615 206 3680; x_wconf 79' lang='lat' dir='ltr'><strong>cbauuini</strong></span> <span class='ocrx_word' id='word_1_262' title='bbox 220 3618 321 3682; x_wconf 89' lang='lat' dir='ltr'><strong>notarii</strong></span> <span class='ocrx_word' id='word_1_263' title='bbox 334 3618 412 3699; x_wconf 92' lang='lat' dir='ltr'><strong>publ.</strong></span> <span class='ocrx_word' id='word_1_264' title='bbox 430 3619 482 3682; x_wconf 87' lang='lat' dir='ltr'><strong>sub</strong></span> <span class='ocrx_word' id='word_1_265' title='bbox 497 3637 572 3682; x_wconf 88' lang='lat' dir='ltr'><strong>anno</strong></span> <span class='ocrx_word' id='word_1_266' title='bbox 589 3619 643 3700; x_wconf 82' lang='lat' dir='ltr'><strong>Diri</strong></span> <span class='ocrx_word' id='word_1_267' title='bbox 666 3625 909 3696; x_wconf 79' lang='lat' dir='ltr'><strong>nt⁰cc0tx.v111,</strong></span> <span class='ocrx_word' id='word_1_268' title='bbox 931 3617 1016 3682; x_wconf 86' lang='lat' dir='ltr'><strong>indic.</strong></span> <span class='ocrx_word' id='word_1_269' title='bbox 1030 3630 1083 3696; x_wconf 61' lang='grc' dir='ltr'><strong>κβ,</strong></span> <span class='ocrx_word' id='word_1_270' title='bbox 1101 3617 1146 3680; x_wconf 88' lang='lat' dir='ltr'><strong>die</strong></span> 
     </span>
     <span class='ocr_line' id='line_1_34' title="bbox 86 3703 1147 3797; baseline 0.004 -23"><span class='ocrx_word' id='word_1_271' title='bbox 86 3703 150 3786; x_wconf 74' lang='lat' dir='ltr'><strong>ionic</strong></span> <span class='ocrx_word' id='word_1_272' title='bbox 174 3728 249 3778; x_wconf 69' lang='lat' dir='ltr'><strong>xunl</strong></span> <span class='ocrx_word' id='word_1_273' title='bbox 275 3713 415 3778; x_wconf 85' lang='lat' dir='ltr'><strong>febroario</strong></span> <span class='ocrx_word' id='word_1_274' title='bbox 439 3715 577 3792; x_wconf 84' lang='lat' dir='ltr'><strong>intrante,</strong></span> <span class='ocrx_word' id='word_1_275' title='bbox 604 3715 749 3779; x_wconf 81' lang='lat' dir='ltr'><strong>continens</strong></span> <span class='ocrx_word' id='word_1_276' title='bbox 771 3716 847 3797; x_wconf 91' lang='lat' dir='ltr'><strong>quod</strong></span> <span class='ocrx_word' id='word_1_277' title='bbox 880 3715 957 3780; x_wconf 88' lang='lat' dir='ltr'><strong>dont.</strong></span> <span class='ocrx_word' id='word_1_278' title='bbox 981 3722 1081 3779; x_wconf 82' lang='lat' dir='ltr'><strong>Petrus</strong></span> <span class='ocrx_word' id='word_1_279' title='bbox 1111 3715 1147 3778; x_wconf 90' lang='lat' dir='ltr'><strong>de</strong></span> 
     </span>
     <span class='ocr_line' id='line_1_35' title="bbox 88 3810 1147 3897; baseline 0.006 -27"><span class='ocrx_word' id='word_1_280' title='bbox 88 3810 198 3892; x_wconf 82' lang='lat' dir='ltr'><strong>Bucygio</strong></span> <span class='ocrx_word' id='word_1_281' title='bbox 216 3811 306 3888; x_wconf 72' lang='lat' dir='ltr'><strong>mles,</strong></span> <span class='ocrx_word' id='word_1_282' title='bbox 323 3811 359 3873; x_wconf 87' lang='lat' dir='ltr'><strong>ad</strong></span> <span class='ocrx_word' id='word_1_283' title='bbox 382 3812 543 3876; x_wconf 78' lang='lat' dir='ltr'><strong>instanciam</strong></span> <span class='ocrx_word' id='word_1_284' title='bbox 557 3827 588 3876; x_wconf 87' lang='lat' dir='ltr'><strong>et</strong></span> <span class='ocrx_word' id='word_1_285' title='bbox 600 3812 811 3895; x_wconf 85' lang='lat' dir='ltr'><strong>requisicioneru</strong></span> <span class='ocrx_word' id='word_1_286' title='bbox 827 3812 875 3874; x_wconf 81' lang='lat' dir='ltr'><strong>itt·</strong></span> <span class='ocrx_word' id='word_1_287' title='bbox 891 3812 967 3876; x_wconf 86' lang='lat' dir='ltr'><strong>dom.</strong></span> <span class='ocrx_word' id='word_1_288' title='bbox 981 3811 1147 3897; x_wconf 76' lang='lat' dir='ltr'><strong>G(uigonin)</strong></span> 
     </span>
     <span class='ocr_line' id='line_1_36' title="bbox 87 3901 1145 3989; baseline 0.002 -21"><span class='ocrx_word' id='word_1_289' title='bbox 87 3901 195 3986; x_wconf 74' lang='lat' dir='ltr'><strong>daphim</strong></span> <span class='ocrx_word' id='word_1_290' title='bbox 224 3907 389 3972; x_wconf 76' lang='lat' dir='ltr'><strong>Viennensis</strong></span> <span class='ocrx_word' id='word_1_291' title='bbox 423 3922 452 3972; x_wconf 85' lang='lat' dir='ltr'><strong>et</strong></span> <span class='ocrx_word' id='word_1_292' title='bbox 479 3909 594 3974; x_wconf 82' lang='lat' dir='ltr'><strong>Albonin</strong></span> <span class='ocrx_word' id='word_1_293' title='bbox 625 3909 734 3972; x_wconf 80' lang='lat' dir='ltr'><strong>comitia</strong></span> <span class='ocrx_word' id='word_1_294' title='bbox 760 3928 795 3974; x_wconf 88' lang='lat' dir='ltr'><strong>ac</strong></span> <span class='ocrx_word' id='word_1_295' title='bbox 820 3908 925 3972; x_wconf 80' lang='lat' dir='ltr'><strong>domini</strong></span> <span class='ocrx_word' id='word_1_296' title='bbox 968 3907 1145 3989; x_wconf 81' lang='lat' dir='ltr'><strong>Fuciguiaci,</strong></span> 
     </span>
    </p>
   </div>
   <div class='ocr_carea' id='block_1_3' title="bbox 86 3997 1286 4087">
    <p class='ocr_par' dir='ltr' id='par_1_8' title="bbox 86 3997 1286 4087">
     <span class='ocr_line' id='line_1_37' title="bbox 86 3997 1286 4087; baseline 0.009 -28"><span class='ocrx_word' id='word_1_297' title='bbox 86 3997 131 4062; x_wconf 84' lang='lat' dir='ltr'><strong>fuit</strong></span> <span class='ocrx_word' id='word_1_298' title='bbox 152 4004 292 4068; x_wconf 71' lang='lat' dir='ltr'><strong>confessus</strong></span> <span class='ocrx_word' id='word_1_299' title='bbox 323 4017 353 4068; x_wconf 88' lang='lat' dir='ltr'><strong>et</strong></span> <span class='ocrx_word' id='word_1_300' title='bbox 386 4005 495 4086; x_wconf 85' lang='lat' dir='ltr'><strong>publice</strong></span> <span class='ocrx_word' id='word_1_301' title='bbox 523 4005 687 4087; x_wconf 82' lang='lat' dir='ltr'><strong>recognovit</strong></span> <span class='ocrx_word' id='word_1_302' title='bbox 713 4005 803 4070; x_wconf 85' lang='lat' dir='ltr'><strong>eidem</strong></span> <span class='ocrx_word' id='word_1_303' title='bbox 832 4005 908 4069; x_wconf 88' lang='lat' dir='ltr'><strong>dom.</strong></span> <span class='ocrx_word' id='word_1_304' title='bbox 953 4011 988 4070; x_wconf 84' lang='lat' dir='ltr'><strong>G.</strong></span> <span class='ocrx_word' id='word_1_305' title='bbox 1013 4003 1147 4087; x_wconf 82' lang='lat' dir='ltr'><strong>dalphino</strong></span> <span class='ocrx_word' id='word_1_306' title='bbox 1283 4069 1286 4079; x_wconf 85' lang='grc'>,</span> 
     </span>
    </p>
   </div>
   <div class='ocr_carea' id='block_1_4' title="bbox 87 4101 1147 4282">
    <p class='ocr_par' dir='ltr' id='par_1_9' title="bbox 87 4101 1147 4282">
     <span class='ocr_line' id='line_1_38' title="bbox 87 4101 1147 4185; baseline 0.005 -24"><span class='ocrx_word' id='word_1_307' title='bbox 87 4101 152 4178; x_wconf 84' lang='lat' dir='ltr'><strong>quod</strong></span> <span class='ocrx_word' id='word_1_308' title='bbox 165 4103 221 4184; x_wconf 83' lang='lat' dir='ltr'><strong>ipse</strong></span> <span class='ocrx_word' id='word_1_309' title='bbox 235 4104 312 4168; x_wconf 83' lang='lat' dir='ltr'><strong>dom.</strong></span> <span class='ocrx_word' id='word_1_310' title='bbox 325 4111 426 4168; x_wconf 82' lang='lat' dir='ltr'><strong>Petrus</strong></span> <span class='ocrx_word' id='word_1_311' title='bbox 435 4117 513 4168; x_wconf 76' lang='lat' dir='ltr'><strong>tenet</strong></span> <span class='ocrx_word' id='word_1_312' title='bbox 526 4103 652 4167; x_wconf 75' lang='lat' dir='ltr'><strong>otunoit</strong></span> <span class='ocrx_word' id='word_1_313' title='bbox 662 4103 692 4168; x_wconf 90' lang='lat' dir='ltr'><strong>iu</strong></span> <span class='ocrx_word' id='word_1_314' title='bbox 706 4102 819 4168; x_wconf 81' lang='lat' dir='ltr'><strong>feudum</strong></span> <span class='ocrx_word' id='word_1_315' title='bbox 826 4102 862 4166; x_wconf 91' lang='lat' dir='ltr'><strong>ab</strong></span> <span class='ocrx_word' id='word_1_316' title='bbox 870 4102 968 4185; x_wconf 81' lang='lat' dir='ltr'><strong>ipsod.</strong></span> <span class='ocrx_word' id='word_1_317' title='bbox 980 4109 1016 4168; x_wconf 84' lang='lat' dir='ltr'><strong>G.</strong></span> <span class='ocrx_word' id='word_1_318' title='bbox 1030 4102 1147 4168; x_wconf 69' lang='lat' dir='ltr'><strong>endon</strong></span> 
     </span>
     <span class='ocr_line' id='line_1_39' title="bbox 88 4196 1147 4282; baseline 0.008 -26"><span class='ocrx_word' id='word_1_319' title='bbox 88 4198 202 4264; x_wconf 70' lang='lat' dir='ltr'><strong>beatrice</strong></span> <span class='ocrx_word' id='word_1_320' title='bbox 214 4200 387 4282; x_wconf 75' lang='lat' dir='ltr'><strong>ejus&#39;uxore,</strong></span> <span class='ocrx_word' id='word_1_321' title='bbox 401 4200 540 4266; x_wconf 78' lang='lat' dir='ltr'><strong>comitiana</strong></span> <span class='ocrx_word' id='word_1_322' title='bbox 551 4199 699 4268; x_wconf 74' lang='lat' dir='ltr'><strong>viennensi</strong></span> <span class='ocrx_word' id='word_1_323' title='bbox 711 4212 740 4266; x_wconf 79' lang='lat' dir='ltr'><strong>ct</strong></span> <span class='ocrx_word' id='word_1_324' title='bbox 756 4197 870 4267; x_wconf 77' lang='lat' dir='ltr'><strong>athonis</strong></span> <span class='ocrx_word' id='word_1_325' title='bbox 885 4218 919 4266; x_wconf 86' lang='lat' dir='ltr'><strong>ac</strong></span> <span class='ocrx_word' id='word_1_326' title='bbox 935 4197 1046 4266; x_wconf 80' lang='lat' dir='ltr'><strong>domina</strong></span> <span class='ocrx_word' id='word_1_327' title='bbox 1062 4196 1147 4264; x_wconf 86' lang='lat' dir='ltr'><strong>Fuci·</strong></span> 
     </span>
    </p>
   </div>
   <div class='ocr_carea' id='block_1_5' title="bbox 0 0 1426 4900">
    <p class='ocr_par' dir='ltr' id='par_1_10' title="bbox 0 0 1426 4900">
     <span class='ocr_line' id='line_1_40' title="bbox 0 0 1426 4900; baseline 0 0"><span class='ocrx_word' id='word_1_328' title='bbox 0 0 1426 4900; x_wconf 95' lang='lat' dir='ltr'><strong> </strong></span> 
     </span>
    </p>
   </div>
  </div>
 </body>
</html>
