2936 4898
10 4242 96 4350 P,

736 473 894 534 ,68-

278 616 358 673 Nova
372 627 406 670 er
422 606 519 682 altera,
533 624 616 686 super
636 604 745 685 pascuis
768 605 841 667 dicte
865 602 1010 686 parrochie
1033 616 1062 665 et
1076 601 1153 665 'uicti
1176 601 1348 666 monasterii.

320 723 386 786 344.
412 712 491 779 Item,
510 702 595 784 qued.
616 701 705 764 littere
736 702 839 783 scripte
867 701 919 764 sub
935 720 1009 763 anno
1037 700 1309 774 unitt0cc⁰xu11⁰,
1333 718 1351 760 x

276 801 389 864 kalend.
408 799 528 881 augusti,
547 797 663 880 sigillate
677 818 694 858 x
708 797 815 880 sigillis,
831 798 1005 862 continentes
1015 811 1210 861 testamentum
1225 796 1352 880 Syboudi

277 899 380 962 domini
396 897 541 960 Bellivisus
551 896 586 958 de
603 904 710 958 Marco.

227 997 229 1004 '
321 1015 386 1077 345.
404 1002 483 1070 ltem,
496 993 580 1076 qued.
603 992 640 1055 al.
661 992 751 1054 littere
767 991 869 1073 scripte
884 1011 958 1054 anno
978 992 1032 1054 uni
1053 949 1352 1067 n⁰cc⁰uxt111⁰,1in⁰

277 1113 351 1156 nona
360 1092 438 1173 junii,
455 1091 570 1172 sigillate
581 1089 608 1151 in
619 1089 750 1172 pendenti
765 1089 874 1152 duobus
885 1089 990 1172 sigillis,
1002 1089 1175 1152 continentes
1187 1087 1261 1170 quod
1273 1087 1350 1149 dom.

275 1191 425 1266 Amandus,
440 1187 568 1249 dominus
579 1184 761 1266 Rossillionis,
773 1185 849 1248 dedit
863 1186 941 1248 dom⁰
955 1185 1074 1267 Guigoni
1088 1173 1218 1267 dalphino
1233 1184 1354 1266 quitquit

276 1286 398 1350 habebat
407 1286 435 1346 in
450 1285 534 1346 domo
549 1282 584 1345 de
594 1283 720 1345 Landrus
729 1281 794 1344 etin
810 1282 872 1344 villa
880 1296 915 1345 et
919 1281 1066 1363 parrochia
1075 1281 1111 1346 de
1124 1283 1271 1364 Espinosa,
1286 1300 1351 1344 cum

276 1385 400 1467 pluribus
410 1381 619 1445 condicionibus
634 1381 662 1442 in
676 1380 743 1462 ipsis
758 1379 854 1442 litteris
869 1379 1016 1443 contentis.

320 1481 385 1559 346.
404 1487 482 1563 Item,
509 1478 594 1560 quod.
620 1477 832 1539 instrumentum
860 1476 1004 1557 scriptum>
1018 1495 1101 1538 manu
1125 1474 1261 1537 Guillelmi
1286 1476 1352 1557 (de)

279 1578 356 1641 Ulcio
368 1575 467 1638 notarii
481 1574 572 1655 publ,
584 1573 635 1636 sub
645 1593 718 1636 anno
733 1573 786 1635 Diri
803 1579 1032 1648 M⁰CC⁰L.Vlll⁰,
1048 1571 1143 1634 indict.
1160 1585 1191 1645 1²,
1203 1571 1249 1632 die
1260 1589 1352 1634 vene-

277 1676 314 1736 ris
327 1688 389 1755 post
404 1672 518 1736 octabas
531 1671 703 1752 Apericionis
724 1671 845 1746 Domini,
872 1670 1017 1738 continens
1040 1669 1219 1732 donationem
1248 1669 1351 1732 factam

276 1773 354 1834 dom⁰
367 1771 497 1852 dalphino
518 1789 568 1850 per
585 1769 783 1844 Guichardum,
806 1767 918 1830 fratrem
947 1767 1097 1829 Lumbardi
1127 1768 1162 1830 de
1188 1767 1289 1850 llinay‚
1316 1768 1352 1831 de

277 1871 351 1932 omni
371 1870 430 1949 iure
440 1867 514 1950 quod
532 1866 652 1929 habebat
669 1867 697 1927 in
711 1865 792 1928 bonis
806 1865 871 1928 dicti
890 1865 1038 1927 Lumbardi
1053 1864 1144 1927 fratris
1158 1865 1200 1927 sui
1215 1877 1235 1927 ¹.

320 1986 385 2045 347.
402 1973 481 2041 Item,
500 1963 584 2045 qued.
610 1962 698 2024 littere
729 1963 830 2043 scripte
846 1961 898 2024 sub
925 1981 998 2023 anno
1015 1962 1068 2023 Diri
1090 1968 1350 2041 M⁰CC⁰llllllllll⁰‚

278 2073 320 2124 111⁰
335 2062 396 2124 idus
418 2061 544 2142 januarii,
564 2059 737 2122 continentes
760 2059 835 2140 quod
851 2057 1012 2120 Guillelmus
1028 2059 1062 2120 de
1078 2057 1156 2122 Bello
1179 2059 1245 2121 Visu
1273 2059 1352 2122 dedit

277 2160 422 2224 Guillelmo
434 2157 556 2220 Philosio
569 2155 699 2238 quicquid
717 2155 838 2218 habebat
849 2155 922 2237 apud
939 2155 1077 2216 Pinetum.

320 2257 385 2335 348.
401 2262 480 2328 Item,
497 2253 583 2334 quod.
613 2252 824 2314 instrumentum
841 2250 884 2332 (ut
903 2249 984 2331 342),
1005 2250 1050 2312 die
1064 2263 1095 2311 11²
1117 2270 1205 2312 mens.
1222 2251 1350 2330 januarii,

275 2353 420 2416 continens
445 2351 605 2413 fidelitatem
636 2363 663 2412 et
678 2349 900 2430 recognicionem
912 2348 1054 2429 prestitam
1078 2367 1131 2436 per
1144 2348 1264 2411 nobilem
1277 2348 1354 2411 Guil-

275 2450 386 2510 lelmum
400 2447 497 2509 Jarreti
513 2447 547 2508 de
563 2451 661 2507 Castro
687 2445 789 2526 Duplo,
804 2445 914 2507 nomine
929 2464 980 2507 suo
1003 2458 1032 2508 ut
1050 2444 1159 2507 dicebat
1182 2458 1210 2508 et
1233 2447 1352 2528 iaymeti

274 2544 376 2619 fratris,
388 2542 500 2604 domino
514 2555 610 2603 nostro
627 2541 757 2623 dalphino
774 2541 809 2603 de
823 2541 951 2604 omnibus
966 2541 1016 2602 biis
1031 2561 1085 2622 que
1099 2541 1213 2618 habent,
1225 2541 1284 2604 sive
1297 2542 1353 2604 sint

274 2639 477 2721 possessiones,
493 2657 538 2699 res
549 2650 679 2699 actotum
693 2637 777 2698 affare
791 2637 865 2718 quod
876 2652 903 2699 et
918 2657 986 2718 quas
997 2650 1092 2699 tenent
1107 2637 1180 2719 apud
1195 2638 1348 2701 Cabeolum
1455 2723 1456 2728 ἵ

275 2735 344 2797 etin
359 2735 554 2796 mandamento
570 2746 598 2794 et
608 2731 747 2794 territorio
764 2733 899 2811 ejusdem,
915 2746 943 2795 et
956 2733 1103 2795 terminum
1115 2734 1157 2816 (ut
1169 2733 1229 2815 ib).

319 2851 383 2913 349.
398 2838 477 2908 ltem,
492 2830 577 2911 quod.
593 2829 803 2891 instrumentum
819 2831 951 2912 scriptum
965 2851 1046 2892 manu
1063 2832 1138 2893 Petri
1159 2832 1352 2915 lohannayres

274 2929 310 2992 de
328 2936 435 3004 Bauna,
453 2927 606 2989 Paduensis
637 2927 765 3003 diocesis,
795 2928 958 2991 auctoritate
975 2929 1109 3010 imperiali
1127 2929 1227 2990 notarii
1255 2929 1348 3009 publ,

274 3025 325 3088 sub
355 3044 429 3088 anno
453 3025 547 3087 Nativ.
577 3025 630 3086 Diri
661 3031 902 3101 M⁰CCC⁰XX1X⁰‚
928 3024 1013 3087 indic.
1038 3042 1100 3101 xue,
1128 3025 1173 3088 die
1192 3041 1235 3086 nra
1248 3027 1351 3090 mensis

273 3122 414 3198 febroarii,
431 3123 576 3184 continens
589 3122 664 3203 quod
690 3123 822 3204 providus
839 3121 881 3183 vir
900 3122 1040 3185 lohannes
1064 3123 1181 3186 condam
1212 3123 1294 3185 Rossi
1313 3123 1350 3186 de

272 3217 424 3281 lavifillacii
439 3218 473 3280 de
490 3218 644 3295 Florencia‚
667 3219 740 3300 apud
766 3226 918 3280 Romanam
943 3218 1046 3281 curiam
1070 3219 1098 3280 in
1113 3219 1223 3282 civitate
1234 3219 1352 3282 Avinio-

273 3314 351 3376 nensi
366 3315 548 3394 personaliter
576 3315 752 3390 constitutus,
780 3314 855 3388 iecit,
887 3313 1028 3377 constituit
1057 3329 1085 3378 et
1106 3314 1245 3377 ordinavit
1270 3335 1350 3378 suum

272 3431 368 3473 verum
384 3426 411 3474 et
423 3412 574 3493 legitimum
590 3424 811 3492 procuratorem,
828 3426 961 3487 actorem,
978 3412 1112 3475 factorem
1126 3426 1154 3475 et
1167 3412 1350 3493 negociorum

273 3521 412 3588 gestorem
437 3529 470 3571 ac
495 3508 627 3571 nuncium
653 3507 801 3588 specialem
819 3507 967 3570 discretum
991 3509 1080 3571 virum
1103 3509 1266 3572 Bartholum
1282 3512 1350 3574 alias

271 3607 442 3670 nominatum
458 3608 550 3669 Bardo
567 3606 686 3669 condam
701 3591 771 3667 S'etis
788 3605 823 3666 de
851 3605 989 3694 Florentia
1013 3617 1181 3686 presentem,
1198 3607 1233 3668 ad
1249 3622 1350 3689 peten-

271 3701 338 3763 dum
350 3716 378 3764 et
393 3702 484 3764 omnia
500 3703 725 3783 faciendumque
741 3686 858 3764 indicto
876 3702 1059 3765 instrumento
1076 3703 1264 3766 continentur.

315 3816 380 3878 350·
399 3805 476 3873 item,
493 3799 576 3878 qued.
592 3799 681 3861 littera
695 3798 783 3860 tribus
800 3797 894 3880 sigillis
911 3798 1039 3880 sigillata,
1057 3799 1190 3882 (s)cripta
1206 3801 1260 3863 sub
1274 3820 1348 3862 anno

273 3892 328 3954 Diri
343 3899 515 3970 tt⁰ccc⁰x⁰,
532 3895 576 3958 die
589 3895 699 3957 veneris
716 3909 780 3958 ante
801 3895 931 3978 (festum)
959 3895 985 3958 b¹
1015 3898 1201 3960 Bartholomei
1215 3897 1346 3978 apostoli,

271 3989 416 4052 continens
430 3991 570 4071 quoddam
586 3992 814 4073 compromissum
826 3992 927 4054 lactum
936 3992 1008 4054 inter
1022 3992 1098 4056 dom.
1114 3993 1290 4056 Guillelmum
1301 3994 1348 4056 de

311 4206 330 4244 1.
347 4191 384 4244 En
399 4209 431 4246 m.
448 4193 482 4244 Aa
497 4191 617 4247 Videatur
632 4211 677 4265 pro
692 4193 758 4249 lacto
771 4193 802 4248 de
815 4194 911 4266 Nerpo.
