2844 4900
237 578 269 636 tis
282 580 387 636 condam
402 575 526 634 Sabaudie
539 586 564 633 et
578 577 742 651 quorumdam
771 585 945 650 preceptorum
968 574 1061 632 ordinis
1088 572 1175 630 Sancti
1199 571 1314 628 lobannis

236 665 442 726 iherosolimitani
456 669 488 724 de
511 665 557 722 hiis
571 681 619 740 que
628 666 753 722 habebant
776 666 843 739 apud
857 662 1037 738 Vuipilieriam,
1053 680 1101 737 que
1115 661 1190 719 modo
1204 667 1315 734 spectant

236 756 268 812 ad
282 756 351 812 dom.
367 754 519 828 dalphinum,
548 764 574 811 et
601 752 794 810 decimacionem
809 751 970 826 juridictionis
984 761 1010 808 et
1025 749 1083 824 juris
1097 768 1145 826 que
1159 751 1235 807 habet
1247 751 1313 806 dom.
1415 745 1417 796 ὲ

237 853 322 900 noster
335 841 466 918 dalphinus
480 849 505 898 et
519 859 567 916 que
581 841 674 898 habent
687 839 851 915 Hospitalarii
865 839 889 896 in
904 839 960 896 villa
975 840 1006 896 de
1019 839 1163 896 Valancins.

270 946 334 1004 49²·
362 931 432 1002 Item,
448 947 512 984 anno
536 928 586 983 uni
615 928 804 988 mccc-uhu
813 928 879 983 XIIII
908 936 933 983 et
947 925 986 982 die
999 926 1071 982 XXII
1086 925 1174 982 mensis
1196 924 1316 997 octobris,

236 1017 359 1074 iohannes
372 1015 480 1073 Nicoleti
494 1014 641 1073 secretarius
657 1014 804 1090 dalphinalis
819 1014 922 1071 tradidit
937 1015 960 1069 in
971 1031 1068 1070 camera
1082 1023 1257 1088 computorum
1267 1012 1317 1069 dah-

237 1104 371 1180 phinalium
385 1104 485 1179 quemd.
501 1121 644 1179 processum
672 1103 714 1159 diu
728 1102 872 1159 ventilatum
893 1101 956 1158 inter
980 1102 1047 1160 dom.
1059 1103 1209 1159 aduocatum
1222 1111 1249 1157 et
1263 1118 1318 1174 pro
1417 1093 1418 1157 i

237 1203 378 1251 curatorem
393 1192 499 1250 fiscalem
514 1193 612 1249 nornine
626 1191 760 1268 dalphinali
774 1201 846 1266 parte
861 1210 908 1248 una
928 1201 955 1247 et
967 1191 1035 1248 dom.
1052 1190 1193 1248 Helinorem
1209 1189 1318 1247 relictam

237 1279 324 1338 nobilis
338 1280 385 1340 riri
399 1282 465 1338 dom*
477 1280 617 1348 Jo(hannis)
632 1279 750 1336 bastardi
762 1279 867 1337 condam
881 1288 953 1353 parte
960 1278 1047 1351 altera,
1058 1295 1132 1352 super
1138 1277 1208 1335 bonis
1218 1288 1244 1334 et
1253 1281 1318 1335 here·

237 1369 316 1426 ditate
329 1368 388 1426 dicti
406 1368 473 1427 dom.
488 1372 527 1425 Jo.
545 1368 673 1441 bastardi,
697 1385 741 1442 per
762 1366 831 1440 cujus
858 1365 1004 1424 decisionem
1018 1385 1150 1443 processus
1165 1367 1212 1422 iuit
1225 1366 1319 1422 dictum

237 1465 263 1514 et
276 1456 464 1530 pronuntiatum
479 1458 546 1533 quod
561 1467 670 1514 castrum
684 1454 866 1513 CastriVillani
880 1473 929 1512 una
943 1473 998 1511 curn
1012 1455 1063 1528 ejus
1076 1455 1179 1530 juribus,
1196 1453 1318 1528 censibus,
1417 1449 1419 1474 i

238 1544 375 1603 redditibus
389 1555 414 1602 et
428 1544 592 1618 pertinentiis,
606 1562 652 1600 nec
665 1561 714 1600 non
725 1562 809 1600 omnes
823 1561 911 1600 census
925 1553 950 1600 ct
964 1543 1074 1600 redditus
1089 1561 1151 1618 quos
1166 1541 1321 1616 percipiebat

237 1631 319 1689 dictus
333 1633 401 1690 dom.
416 1634 541 1690 lohannes
556 1633 622 1707 apud
636 1634 735 1690 buxum
749 1642 774 1689 et
793 1629 968 1689 Mirandolium
996 1631 1065 1688 dom·
1093 1640 1180 1687 nostro
1201 1629 1320 1704 delphino
1417 1663 1418 1666 =

237 1721 359 1796 pertinere
373 1723 463 1780 debent
477 1733 502 1780 et
511 1724 611 1780 inerunt
625 1721 675 1795 ejus
689 1721 838 1796 patrimonio
853 1720 1016 1795 incorporati,
1025 1721 1122 1777 ratione
1129 1738 1216 1776 manus
1223 1729 1322 1776 mortue
1419 1731 1420 1750 ³

237 1825 310 1884 quam
324 1809 435 1885 percepit
448 1808 530 1866 dictus
553 1810 620 1866 dom.
636 1809 759 1866 lohannes
774 1809 796 1864 in
817 1818 844 1866 et
856 1827 931 1882 super
944 1807 1082 1866 hominibus
1096 1808 1146 1866 suis
1169 1809 1229 1866 dum
1243 1807 1322 1894 uitam
1419 1829 1420 1832 ¹

236 1897 344 1955 ducebat
365 1898 390 1955 in
407 1898 529 1955 humanis.

271 2003 333 2059 493.
350 1987 420 2060 item,
435 1987 535 2061 quemd.
551 1985 624 2043 alium
640 2003 782 2060 processum
796 1985 838 2041 diu
860 1985 933 2043 etiam
953 1985 1097 2044 ventilatum
1112 1987 1175 2044 inter
1189 1985 1254 2042 dict.
1279 1985 1322 2042 ad·

238 2084 353 2131 vocaturn
368 2086 393 2131 et
407 2085 596 2150 procuratorem
619 2073 725 2132 fiscalem
741 2073 838 2130 nomine
852 2073 986 2148 dalphinali
1012 2084 1084 2148 parte
1102 2091 1151 2130 una
1174 2083 1199 2129 et
1214 2075 1322 2130 nobilem

237 2161 306 2217 dom.
321 2164 501 2237 Berenguetam
516 2163 625 2220 relictam
641 2162 747 2220 Artaudi
762 2161 853 2219 domini
867 2160 990 2234 bellisilis,
1016 2179 1081 2217 nunc
1109 2179 1211 2218 uxorem
1228 2161 1323 2218 domini

237 2248 331 2306 Montis
345 2250 447 2323 Canuti,
463 2260 535 2324 parte
550 2253 627 2307 altera
651 2269 695 2307 nec
715 2270 765 2307 non
783 2249 905 2306 Villenum
920 2248 951 2304 de
965 2249 1052 2304 Monte
1066 2247 1198 2304 Aschardo
1213 2265 1244 2304 ex
1260 2249 1322 2318 alia,

237 2353 312 2411 super
326 2338 396 2394 bonis
420 2348 449 2394 et
471 2339 608 2395 hereditate
634 2337 695 2394 dicti
713 2338 782 2395 dom.
811 2335 918 2393 Artaudi
933 2335 1048 2407 condam,
1063 2352 1112 2409 que
1125 2345 1151 2390 et
1164 2353 1240 2410 quarn
1255 2335 1319 2392 dict.

237 2423 307 2479 dom.
322 2424 459 2481 advocatus
473 2433 499 2480 et
512 2434 662 2499 procurator
676 2425 766 2482 fiscalis
781 2424 943 2497 pretendebat
957 2423 1025 2479 dom.
1037 2433 1124 2479 nostro
1133 2422 1256 2498 dalphino
1267 2441 1324 2498 per·

238 2511 316 2565 tinere
329 2511 427 2584 debere,
444 2511 541 2569 ratione
547 2531 633 2569 manus
648 2524 745 2570 mortue
759 2531 832 2587 quam
847 2511 973 2586 percipere
987 2519 1149 2568 consueverat
1158 2509 1244 2576 dictus
1252 2511 1323 2568 dom.

238 2600 368 2657 Artaudus
383 2601 487 2658 condant
502 2619 576 2675 super
590 2601 730 2661 hominibus
744 2601 811 2672 suis;
827 2600 850 2656 in
869 2618 920 2676 quo
947 2618 1065 2673 processu
1087 2609 1144 2656 sunt
1158 2598 1252 2656 inserte
1266 2616 1326 2673 que·

238 2684 295 2740 dam
310 2685 396 2742 hictere
418 2687 484 2760 regie
497 2698 523 2744 et
537 2687 689 2762 dalphinales
711 2705 757 2761 pro
772 2696 844 2762 parte
862 2686 928 2743 dicte
941 2688 1010 2743 dom.
1026 2688 1180 2760 Herenguete
1193 2695 1325 2760 porrecte,

238 2771 390 2829 continentes
405 2772 429 2829 in
443 2774 530 2830 effectu
554 2773 659 2849 qualiter
674 2773 747 2830 certis
769 2773 894 2832 decausis
909 2773 1008 2830 indict.
1026 2773 1116 2830 licteris
1130 2773 1266 2830 declaratis
1281 2773 1326 2830 do·

239 2858 317 2914 minus
331 2869 415 2916 noster
429 2878 472 2916 rex
486 2860 617 2936 delphinus
625 2861 718 2918 remisit
727 2861 837 2936 predicte
851 2860 949 2918 domine
963 2880 1061 2917 manum
1077 2870 1198 2917 mortuam
1213 2860 1324 2935 predict.

242 2955 269 3002 et
282 2945 320 3018 jus
331 2946 398 3021 quod
414 2946 507 3005 indict.
527 2948 597 3005 bonis
606 2949 737 3006 occasione
751 2949 826 3024 ipsius
836 2949 944 3005 habebat
957 2957 983 3003 et
997 2949 1086 3005 habere
1092 2958 1201 3023 poterat,
1218 2957 1245 3003 et
1260 2947 1330 3004 dedit

237 3033 315 3091 eidem
329 3035 426 3092 domine
440 3035 500 3093 dict.
513 3047 622 3093 castrum
637 3037 749 3093 Bellisilis
759 3055 814 3092 cum
828 3035 879 3108 ejus
894 3035 988 3109 juribus
998 3047 1023 3092 et
1037 3033 1195 3110 pertinenciis
1206 3036 1239 3091 ad
1256 3037 1326 3091 here-

237 3122 340 3179 ditatem
355 3143 401 3198 pro
416 3143 441 3182 se
455 3136 480 3181 et
493 3125 575 3182 liberis
589 3124 639 3182 suis
654 3144 683 3181 err
698 3126 801 3199 proprio
821 3142 927 3198 corpore
946 3124 1106 3200 procreandis
1130 3135 1154 3179 et
1169 3123 1192 3179 in
1212 3124 1327 3196 legitimo

238 3209 395 3268 matrimonio
409 3213 530 3286 susceptis
540 3221 565 3268 et
574 3212 745 3287 suscipiendis,
761 3222 819 3269 acto
833 3213 901 3288 quod
916 3230 963 3288 pro
978 3213 1046 3269 dicto
1062 3220 1145 3268 castro
1159 3222 1184 3267 et
1198 3209 1252 3286 ejus
1268 3209 1327 3284 juri-

237 3297 283 3354 bus
311 3297 364 3374 ipsa
392 3300 547 3375 Berengueta
570 3310 596 3356 et
618 3300 686 3357 hiberi
715 3301 752 3358 sui
774 3301 854 3357 iacere
868 3310 894 3356 et
907 3311 1018 3374 prestare
1032 3307 1162 3357 teneantur
1175 3309 1201 3355 et
1216 3300 1329 3357 debeant

238 3385 390 3460 homagium,
405 3388 471 3460 quod
500 3387 641 3461 homagium
670 3388 727 3445 fecit
754 3399 779 3445 et
793 3387 902 3462 prestitit
916 3388 1030 3444 dontinus
1055 3387 1149 3444 Montis
1163 3387 1260 3443 Canuti
1276 3388 1329 3462 ejus
1368 3421 1371 3431 ι

239 3472 286 3546 vir,
302 3473 379 3549 ipsius
393 3475 461 3533 dom.
477 3477 631 3550 berenguete
645 3476 751 3548 nomine,
767 3487 795 3533 ut
810 3475 833 3532 in
849 3475 896 3532 fine
909 3477 969 3534 dicti
984 3495 1114 3552 processus
1129 3475 1305 3534 continetnr¹.

271 3579 334 3634 494.
347 3562 393 3618 Die
407 3572 497 3619 octava
513 3562 600 3619 mensis
624 3563 735 3620 octobris
745 3565 856 3622 mccc
872 3575 964 3638 nonag·
992 3565 1038 3638 V·,
1062 3566 1186 3620 iohannes
1199 3562 1328 3639 Nicoleti,

238 3649 384 3705 secretarius
398 3649 556 3724 dalphinalis,
573 3651 658 3708 attulit
686 3653 709 3708 in
733 3671 829 3709 camera
858 3652 1033 3728 dalphinalium
1050 3662 1227 3728 computorum
1242 3662 1270 3709 et
1285 3652 1328 3709 ibi·

237 3736 292 3793 dem
307 3735 399 3794 dimisit
418 3739 593 3796 custodiendos
613 3751 721 3815 quatuor
745 3741 820 3798 libros
848 3741 871 3798 in
895 3760 1045 3816 pergameno
1059 3741 1176 3816 scriptos,
1192 3741 1217 3797 in
1234 3731 1329 3818 quibus

238 3823 395 3880 continentur
424 3826 511 3884 onnia
534 3827 695 3885 instrumenta
710 3840 824 3903 grossata
840 3831 950 3887 confecta
965 3848 1009 3904 per
1023 3830 1134 3886 eumdem
1149 3829 1180 3885 de
1194 3838 1254 3884 toto
1266 3840 1328 3886 tern-

238 3928 300 3986 pore
322 3931 372 3987 quo
400 3913 445 3970 hrit
472 3914 618 3974 secretarius
646 3916 738 3973 domini
754 3918 832 3974 nostri
847 3917 966 3992 delphini,
990 3926 1040 3972 tam
1060 3916 1233 3990 homagiorum
1249 3933 1328 3992 qnam

279 4114 301 4153 1.
316 4097 355 4152 En
369 4115 402 4178 m.
417 4090 486 4154 Noia
501 4099 568 4172 quod
583 4100 603 4156 si
618 4099 671 4173 ipsa
685 4101 756 4156 dona
770 4100 904 4157 decedebat
918 4099 969 4157 sine
986 4099 1080 4172 liberis,
1099 4099 1165 4172 quod
1185 4098 1249 4157 dict.
1273 4119 1328 4156 cas-

86 4219 106 4232 „
119 4211 144 4237 ὲ,
217 4181 220 4186 ·
239 4173 305 4222 trum
321 4177 444 4240 pertinere
457 4169 563 4225 debebat
576 4170 644 4226 dom·
660 4179 746 4226 nostro
762 4169 888 4242 dalphino.
