2844 4900
521 478 701 538 ..123-

119 587 180 649 688.
199 595 275 665 ltem,
288 589 374 670 quod.
393 589 471 670 publ.
485 590 698 654 instrumentum
712 591 756 674 (ut
776 591 861 674 618),
876 593 1021 656 continens
1049 592 1150 654 homa-

84 683 148 763 gium
166 685 294 748 lobannis
313 693 399 749 Pecto
414 687 513 748 notarii
528 687 630 768 publici
647 688 869 752 etterminum...

117 780 178 861 689.
203 789 280 858 Item,
294 782 415 864 quinque
434 783 617 846 instrumenta
630 785 733 866 scripta
756 785 784 847 in
796 806 850 848 una
862 787 935 868 pelle
954 804 1037 847 mauu
1048 784 1150 846 lohan-

83 876 119 938 nis
142 879 235 940 notarii
262 879 336 941 dom¹
357 879 543 961 imperatoris,
568 881 620 943 sub
643 883 793 944 annolini
823 890 1035 959 M⁰CC⁰LXVl⁰,
1061 880 1147 943 indic.

84 986 180 1050 octava,
208 975 377 1038 continentia
404 977 533 1058 homagia
559 978 674 1059 prestita
700 978 778 1041 dom⁰
811 986 896 1042 Petro
922 978 1059 1055 Auruscii,
1082 992 1149 1041 tunc

83 1070 181 1132 domino
196 1073 298 1136 Montis
313 1074 434 1150 Bonodi,
445 1094 496 1156 per
509 1075 681 1138 hrthaudum
696 1076 731 1138 de
747 1077 885 1155 Cizeriuo‚
902 1085 1053 1160 Aymarum
1072 1075 1151 1138 Fala-

84 1167 129 1244 cel,
148 1170 317 1261 hemardum
349 1171 475 1249 liuberti,
497 1173 672 1235 Guillelmum
691 1174 805 1237 Falacei
815 1189 843 1238 et
860 1175 1026 1237 Guonadum
1052 1172 1148 1247 Palus,

83 1268 120 1347 qui
134 1270 280 1332 Guonadus
306 1271 448 1335 vendebat
474 1273 550 1336 dicto
567 1274 643 1335 dom.
661 1281 745 1337 Petro
755 1276 797 1354 jus
811 1275 886 1358 quod
902 1275 1023 1337 habebat
1039 1273 1069 1337 in
1081 1292 1152 1356 quo·

82 1364 135 1425 dam
150 1380 225 1445 prato
239 1367 295 1429 sito
308 1366 337 1428 in
359 1369 555 1431 mandamento
570 1370 672 1432 Montis
688 1371 807 1433 Bonodi.

114 1463 173 1542 690.
193 1470 272 1540 Item,
288 1465 373 1550 qued.
392 1465 486 1528 lictere
500 1467 678 1547 pergamiuee
693 1467 795 1548 scripte
806 1467 937 1529 anuoDili
949 1473 991 1528 lll⁰
1001 1471 1148 1538 CCC⁰lll0,

82 1561 117 1622 die
128 1579 180 1621 xxv
190 1561 295 1624 mensis
310 1563 414 1643 aprilis,
429 1582 485 1624 non
502 1563 619 1644 sigillate
630 1563 696 1626 licet
708 1563 869 1626 debuissent
884 1563 1011 1652 sigillari,
1025 1577 1151 1626 emanate

82 1657 175 1717 adom⁰
196 1657 325 1720 iohanne
340 1657 483 1739 dalphino,
499 1660 673 1722 continentes
693 1659 834 1722 libertates
853 1673 881 1722 et
897 1659 1066 1722 franchesias
1079 1677 1149 1720 con-

81 1773 159 1817 cessas
171 1775 222 1836 per
230 1755 337 1818 dictum
350 1756 426 1818 dom.
441 1756 775 1838 dalphinumhominibus
788 1758 931 1820 Gonceliui
953 1771 972 1820 ¹.

111 1849 172 1930 691.
189 1859 271 1928 ltem,
287 1851 372 1933 qued.
396 1853 574 1934 pergaminae
591 1854 687 1916 lictere
709 1854 826 1936 sigillate
840 1855 868 1916 in
885 1853 1017 1935 pendenti
1035 1867 1153 1936 quatuor

83 1947 173 2027 sigillis,
205 1949 262 2012 sub
290 1969 364 2011 anno
389 1951 443 2012 Diti
471 1957 671 2028 lll⁰CC⁰Lllll⁰‚
698 1951 743 2014 die
770 1951 859 2012 sabati
880 1965 945 2013 ante
974 1950 1153 2013 Nativitatem
1200 1945 1203 1950 ’
1291 2043 1298 2059 ⁸

83 2046 189 2122 Domini,
206 2047 294 2109 indic.
322 2061 397 2124 xrut,
422 2048 596 2111 continentes
617 2048 802 2130 quod‘Guigo
826 2047 998 2128 Berengarii,
1025 2046 1154 2109 dominus

82 2142 237 2222 llorgiarom
254 2143 330 2206 etde
347 2144 436 2206 Podio
452 2152 574 2218 Bosoue,
591 2145 655 2208 fecit
669 2145 828 2226 homagium
841 2144 918 2206 dom⁰
935 2143 1054 2206 Beatrici
1069 2143 1154 2205 comi-

82 2239 249 2304 tisseVienne
260 2255 288 2305 et
301 2241 416 2305 Albonis
432 2242 598 2324 domineque
615 2242 785 2325 Fucigniaci,
803 2240 906 2304 tutorio
922 2240 1035 2303 nomine
1048 2239 1154 2302 libero-

82 2359 131 2401 mm
145 2361 271 2416 suorum,
290 2354 318 2403 et
331 2341 553 2422 recognoscebat
569 2340 643 2403 dicta
668 2353 759 2403 castra
784 2359 815 2402 se
828 2353 924 2402 tenere
938 2358 955 2400 a
974 2337 1048 2401 dicta
1075 2337 1151 2400 dom.

82 2437 217 2500 comitissa.

113 2535 176 2615 692.
206 2541 289 2608 ltem,
317 2534 404 2616 quod.
426 2535 504 2615 publ.
532 2534 745 2597 instrumentum
770 2534 928 2597 conlectum
955 2553 1039 2596 manu
1063 2531 1154 2595 lluub¹

83 2628 149 2692 Pilati
165 2630 199 2692 de
212 2630 346 2706 buxeria,
360 2630 412 2693 sub
427 2650 499 2693 anno
523 2632 577 2694 Diti
592 2637 886 2707 nl0ccc⁰xxxvlll⁰,
915 2631 1010 2694 indict.
1038 2649 1078 2708 xl,
1111 2629 1156 2691 die

82 2740 125 2786 uua
134 2728 234 2790 mensis
248 2727 317 2806 julii,
337 2729 482 2790 continens
496 2729 654 2810 homagium
671 2728 815 2809 prestitum
829 2748 879 2808 per
891 2727 967 2789 dom.
984 2728 1155 2808 Stephanum

83 2821 111 2881 de
121 2823 178 2884 Alto
193 2825 298 2886 vilario
308 2825 433 2900 militem,
449 2825 533 2888 filium
549 2826 667 2892 condam
680 2825 781 2890 nobilis
796 2825 848 2886 viri
867 2825 944 2886 dom.
971 2824 1105 2886 lobannis
1119 2822 1155 2885 de

82 2918 228 2983 lltovilario
242 2921 346 2998 militis,
373 2935 401 2985 et
415 2922 639 3003 recognicionem
652 2942 703 3004 per
728 2921 847 2985 eundem
864 2923 964 2985 iactam
985 2920 1066 2982 domo
1093 2920 1156 2982 dal-

85 3017 157 3093 phino
168 3019 204 3080 de
219 3018 339 3100 hiisque
354 3032 432 3081 tenet
441 3019 477 3082 ab
489 3040 523 3082 eo
536 3020 565 3081 in
579 3020 652 3082 valle
664 3019 805 3082 Alavardi.

113 3112 177 3194 693.
194 3123 273 3188 Item,
291 3116 377 3198 quod.
394 3116 472 3197 publ.
490 3117 701 3179 instrumentum
723 3117 880 3179 confectum
895 3135 978 3178 manu
997 3116 1060 3179 lob.
1078 3122 1156 3178 llar-

84 3210 145 3286 gallii
173 3213 274 3276 notarii
302 3213 379 3294 publ.
404 3214 456 3276 sub
479 3233 553 3276 anno
576 3214 629 3276 oni
656 3220 926 3291 Moccuxxvllh,
951 3213 1037 3275 indic.
1053 3226 1107 3287 ιι,
1124 3225 1154 3275 x·

83 3304 182 3371 kalend.
211 3310 339 3392 augusti,
378 3309 524 3372 continens
556 3311 714 3391 homagium
747 3311 891 3392 prestitum
918 3329 969 3392 per
1000 3310 1154 3390 Guigonem

85 3407 194 3468 llorardi
201 3407 235 3470 de
244 3407 343 3483 luciis,
358 3407 443 3470 filium
453 3407 571 3470 condam
588 3409 714 3490 Hugonis
729 3409 852 3471 Morardi
867 3422 894 3472 et
910 3409 990 3470 dome
1000 3405 1152 3482 Guiilrede,

83 3499 151 3562 dom⁰
164 3508 246 3566 Petro
259 3504 395 3581 nuruscii‚
410 3519 476 3567 tunc
491 3504 603 3566 domino
619 3506 720 3568 Montis
738 3507 857 3582 Bonodi,
868 3504 1093 3585 recogniciouem
1103 3523 1156 3584 per

84 3598 200 3660 eumdem
212 3601 313 3664 iactam
327 3601 408 3663 dom⁰
425 3601 556 3682 dalphino
574 3602 609 3664 de
629 3603 680 3665 hiis
698 3623 752 3684 que
763 3603 877 3666 tenebat
901 3603 928 3664 in
955 3601 1152 3664 mandamento

83 3695 199 3771 predicto
215 3699 317 3760 Montis
344 3697 451 3760 Bonodi
468 3711 496 3760 et
526 3699 619 3780 plures
645 3699 825 3762 condiciones
844 3699 945 3781 quibus
968 3698 1090 3761 debebat
1113 3696 1152 3762 uti

83 3789 149 3854 idem
164 3797 249 3877 Guigo
266 3796 389 3858 Morardi
402 3796 430 3858 iu
443 3797 500 3858 suis
518 3796 686 3874 hominibus,
705 3810 787 3878 prout
801 3798 852 3860 hec
867 3812 897 3860 et
907 3799 986 3879 plura
999 3797 1052 3859 alia
1068 3795 1154 3859 lacius

83 3885 107 3948 in
118 3887 178 3968 ipso
187 3891 365 3956 instrumento
376 3893 562 3969 continentur,
578 3908 607 3957 et
615 3894 955 3976 recognoscebatdomum
970 3893 1157 3958 suamlortem

13 4065 15 4092 Ι
85 3983 117 4046 de
128 3987 210 4052 Arciis
224 4004 321 4053 tenere
332 3989 495 4054 reddibilem
512 4012 528 4053 a
548 3991 623 4054 dicto
640 3992 716 4054 dom.
733 3991 875 4074 dalphino.

123 4205 145 4243 ι.
161 4190 204 4249 En.
218 4211 249 4252 ιιι.
264 4192 435 4250 Universitatis
448 4192 593 4250 Goncellini.
675 4239 678 4244 ,
