2936 4898
170 589 222 649 42·
241 577 310 634 ltem
329 585 469 652 repertum
486 587 528 638 est
544 573 618 637 aliud
631 575 843 640 instrumentum
859 575 1006 658 sigillatum
1018 575 1047 638 in
1060 575 1202 656 pendenti,

130 667 278 730 continens
292 680 486 732 testamentum
515 669 593 734 dom·
617 671 775 734 clemencie
803 671 988 753 supradicte,
1009 671 1203 734 manuuotarii

129 762 264 826 nominati
277 764 306 825 in
322 764 383 845 ipso
396 780 425 830 et
436 767 487 832 sub
502 786 576 830 anno
592 787 649 849 quo
664 787 758 849 supra.

167 877 218 937 43.
236 867 316 936 item,
342 863 448 943 quodd.
475 864 687 928 instnrmentum
711 865 868 928 coniectum
898 884 981 928 manu
1005 865 1138 928 iohannis
1169 865 1205 928 de

130 955 259 1018 htahieco
286 958 386 1020 notarii
415 959 507 1040 publ,
530 961 583 1025 sub
606 981 681 1024 anno
699 970 837 1026 incarnat.
867 961 954 1026 Driice
978 967 1203 1040 tumultuin,

128 1052 174 1114 die
187 1053 284 1116 martis
310 1069 375 1118 ente
393 1056 493 1120 festum
518 1058 599 1122 beate
630 1059 717 1122 Mario
734 1060 924 1142 magdalenes,
951 1059 1097 1124 continens
1127 1059 1203 1141 quod

128 1169 213 1229 super
221 1151 369 1231 questione
382 1153 487 1216 dudum
503 1155 596 1220 habita
610 1169 639 1218 et
653 1169 780 1220 uertente
793 1157 865 1219 inter
877 1157 1009 1219 illustrem
1026 1155 1103 1219 dom.
1118 1163 1206 1220 Karo-

127 1245 182 1308 lum
197 1245 284 1310 filium
298 1248 372 1329 regis
390 1250 505 1314 Francis
533 1266 560 1314 et
585 1252 662 1315 dom.
682 1252 816 1316 Beatricis
831 1253 896 1336 (leg.
914 1253 1031 1336 Beem)
1050 1253 1109 1333 ejus
1133 1273 1206 1318 utto·

127 1363 197 1420 rem,
211 1363 247 1408 ex
263 1364 319 1408 una
335 1359 425 1426 parte,
441 1361 470 1410 et
485 1347 561 1410 dom.
579 1350 734 1432 Golgonem
762 1350 933 1432 dalphinum,
949 1369 984 1413 ex
1002 1350 1099 1426 altera,
1122 1367 1206 1430 super

126 1454 199 1505 terra
215 1453 245 1502 et
259 1441 391 1508 comitatu
405 1444 560 1525 vapincesii
577 1457 606 1508 et
627 1446 823 1528 omnibusque
850 1446 924 1510 idem
953 1446 1030 1510 dom.
1058 1447 1205 1528 delphinus

125 1550 200 1600 tenet
211 1537 241 1598 in
253 1539 386 1602 comitatu
399 1541 596 1623 Fotcalquerii,
615 1562 670 1623 que
684 1544 777 1606 omnia
786 1543 860 1607 idem
873 1563 923 1606 tex
936 1543 972 1606 ad
983 1563 1014 1606 se
1028 1543 1202 1626 asse(te)bat

125 1635 277 1714 pertinere,
292 1635 381 1699 extitit
393 1652 562 1700 transactum
577 1639 653 1720 quod
680 1639 754 1701 idem
774 1639 850 1701 dom.
875 1639 996 1722 G(uigo)
1021 1653 1205 1722 recognoscat

125 1732 217 1794 omnia
234 1733 361 1812 predicta
375 1753 430 1816 que
442 1748 518 1798 tenet
527 1735 598 1800 inira
606 1737 740 1800 terminos
755 1735 896 1817 predictos
907 1737 995 1800 teneri
1009 1757 1026 1798 a
1040 1737 1119 1800 dom⁰
1135 1753 1204 1818 rege

126 1829 298 1910 supradicto,
309 1843 338 1893 et
354 1831 427 1894 idem
444 1832 520 1895 dom.
537 1852 586 1894 rex
600 1847 629 1896 et
640 1833 700 1911 ejus
725 1851 795 1896 uxot
806 1833 935 1896 eumdem
956 1832 1033 1896 dom.
1049 1832 1204 1913 Guigonem

128 1929 262 2010 quittavit
276 1929 313 1992 de
325 1929 477 2011 premissis,
500 1944 529 1994 et
542 1930 571 1993 in
598 1950 654 2012 quo
666 1931 849 1996 instrumento
863 1931 983 2012 quedam
1002 1929 1055 1994 alia
1072 1943 1153 2012 pecta
1176 1943 1205 1994 et

128 2029 329 2091 conventiones
343 2027 538 2092 describuntur
559 2043 587 2092 et
599 2042 733 2092 natantur
751 2048 820 2110 quas
844 2030 958 2110 longum
972 2043 1047 2092 esset
1060 2047 1202 2105 enarrare,

128 2139 156 2188 et
170 2139 235 2188 sunt
249 2124 362 2189 duobus
376 2124 472 2206 sigillis
483 2126 512 2189 in
522 2125 615 2190 cetico
625 2126 712 2188 rubeo
726 2125 853 2206 sigillato.

166 2243 215 2301 44.
234 2229 316 2298 ltem,
328 2221 434 2304 quodd.
461 2222 693 2290 instrumentum¹
712 2223 823 2286 duobus
852 2221 947 2304 sigillis
967 2221 995 2284 in
1017 2222 1148 2303 pendenti
1164 2222 1205 2286 si·

127 2320 261 2402 gilletum,
276 2319 409 2400 seriptum
423 2321 475 2384 sub
490 2340 563 2384 anno
593 2322 646 2384 nni
665 2325 858 2395 M⁰CC0Lx11,
874 2331 919 2380 ιιιο
936 2319 998 2382 idus
1012 2318 1118 2394 marcii,
1133 2338 1205 2382 con-

127 2419 215 2482 onem
227 2430 425 2483 testamentum
440 2432 468 2480 et
482 2418 604 2482 uldmam
632 2417 803 2481 voluntatem
829 2417 907 2480 dom⁰
936 2418 1067 2498 Agnetis,
1092 2418 1204 2484 domine

129 2515 299 2596 Fucigniaci‚
310 2515 339 2579 in
352 2534 408 2597 quo
421 2515 472 2578 sibi
482 2515 613 2578 heredem
628 2515 812 2580 universalem
829 2513 944 2578 instituit
955 2515 1031 2580 dom.
1047 2517 1201 2580 Beatricem

128 2612 184 2690 ejus
207 2611 305 2687 filiam,
322 2611 480 2692 dalphinam
496 2612 690 2687 viennensem,
721 2611 797 2693 quod
818 2611 1030 2676 instrumentum
1044 2611 1103 2674 sive
1119 2624 1204 2678 teste·

130 2722 250 2771 mentum
260 2709 384 2770 clausum
399 2708 487 2771 extitit
503 2722 531 2770 et
543 2708 593 2771 huit
609 2721 735 2789 apertum
751 2721 781 2771 ut
804 2708 961 2773 continetur
976 2708 1004 2772 in
1029 2707 1115 2774 dorso
1137 2709 1203 2774 dicti

80 2817 83 2824 '
129 2807 298 2871 testamenti.
612 2817 615 2824 '

166 2923 216 2984 45.
237 2910 320 2978 lum,
331 2903 418 2984 quod.
435 2903 574 2984 publicum
591 2902 805 2968 instrumentum
817 2903 950 2985 scriptum
972 2923 1055 2968 manu
1069 2906 1202 2969 iohannis

129 3001 162 3063 de
177 3008 283 3063 Sancto
296 2999 431 3082 Dyonisio
441 2999 602 3063 habitatoris
616 2999 774 3075 Bellivisus,
789 2999 841 3064 sub
856 3019 929 3064 anno
949 3008 1088 3066 incarnat.
1115 3002 1203 3066 Dnice

129 3098 252 3177 ejusdem
286 3102 474 3172 M⁰CCC⁰IX⁰,
501 3097 648 3160 continens
680 3097 837 3179 homagium
857 3097 1002 3179 prestitum
1044 3118 1094 3180 per
1122 3099 1200 3164 dom.

126 3196 278 3257 iohannem
295 3193 456 3273 delphinum
468 3194 546 3255 dom⁰
564 3195 688 3258 Roberto
703 3195 753 3258 Dei
770 3195 858 3275 gratia
871 3194 1042 3258 iherusalem
1057 3209 1085 3262 et
1097 3197 1201 3260 cecilie

127 3293 195 3372 regi,
209 3305 238 3354 et
253 3289 418 3372 recognovit
432 3288 468 3354 ab
480 3310 515 3354 eo
529 3304 625 3354 tenete
640 3290 772 3372 quicquid
786 3303 863 3354 tenet
876 3309 926 3371 per
943 3309 973 3354 se
986 3290 1031 3352 vel
1046 3309 1096 3371 per
1116 3291 1200 3354 elium

126 3388 154 3450 in
168 3388 294 3469 partibus
308 3387 464 3468 vapincesii
479 3387 523 3452 uel
547 3387 612 3451 alibi
625 3387 654 3451 in
668 3388 800 3452 comitato
815 3387 982 3469 vapincesi,
1000 3401 1029 3452 et
1055 3389 1097 3467 ius
1126 3391 1201 3471 quod

128 3485 247 3550 habebat
263 3485 291 3546 in
302 3483 425 3551 dominio
436 3497 465 3552 et
476 3483 651 3562 juridictione
663 3484 814 3566 Dragoneti
838 3484 873 3548 de
893 3484 1091 3550 Montealbano
1119 3501 1147 3550 et
1173 3488 1201 3552 in

128 3582 243 3644 vallede
255 3581 390 3662 Roignes,
409 3594 492 3661 prout
508 3582 559 3650 hec
573 3594 601 3644 et
615 3582 693 3664 plura
709 3583 762 3644 alia
784 3582 812 3644 in
838 3581 913 3644 dicto
932 3581 1116 3646 instrumento
1132 3603 1202 3650 con·-
1261 3594 1268 3600 ”

127 3695 260 3744 unentur.
382 3709 386 3718 ¹

165 3777 215 3855 46.
234 3783 314 3851 ltem,
331 3775 417 3856 quod.
436 3777 576 3856 publicum
592 3777 804 3860 instrumentum
818 3776 949 3857 scriptum
965 3795 1049 3840 manu
1065 3778 1201 3842 Guillelmi

128 3872 342 3935 de-Samcinaco
357 3874 456 3936 notarii
480 3874 572 3954 publ,
588 3874 641 3942 sub
660 3894 734 3937 anno
749 3873 863 3936 Nativit.
884 3874 972 3937 Dnice
986 3880 1202 3938 mcccxxv-

129 3976 191 4044 1110,
209 3971 255 4032 die
266 3989 337 4032 xvrn
350 3970 457 4034 mensis
466 3971 573 4048 marcii,
589 3970 686 4036 indict.
715 3989 777 4048 xtra,
793 3970 938 4036 continens
950 3984 1144 4038 testamentum
1157 3971 1202 4038 in-

168 4191 190 4228 t.
206 4174 244 4228 On
257 4191 272 4228 a
285 4174 400 4248 templati
414 4193 448 4232 tes
464 4185 524 4234 mets
538 4192 582 4248 pur
596 4175 701 4249 quedam
717 4173 794 4232 litere.
