2844 4900
424 1012 815 1108 REGISTRUM

112 1349 476 1427 instrumentorum,
500 1346 743 1412 urrrttrtntttdrr
767 1353 814 1412 ET
835 1354 1134 1413 PRIVILEGIORUM

164 1499 409 1556 BARONIARUM
431 1501 556 1558 TERRE
577 1501 715 1559 TURRIS
738 1501 786 1558 ET
807 1502 1040 1562 VALLISBONE
1054 1510 1074 1559 ¹.

92 2284 135 2362 p
154 2284 232 2355 ‘squ
248 2266 362 2329 nomine
388 2267 509 2346 Domini,
534 2289 627 2332 amen.
651 2275 731 2330 Anno
751 2267 908 2332 Natiuitatis
925 2267 1049 2348 ejusdem
1068 2267 1152 2330 mill'o

91 2360 132 2483 ᾖξ
157 2344 202 2390 ””
213 2388 409 2462 CCC⁰XLV1⁰,
419 2384 565 2448 diemnoo
573 2385 675 2448 mensis
688 2385 794 2462 marcii,
805 2385 856 2448 fuit
866 2385 1026 2448 incohatum
1037 2405 1153 2468 presens

92 2466 133 2551 ’Ἐί
148 2468 205 2555 ἢ
211 2499 359 2580 registrum
373 2498 409 2562 de
422 2500 551 2564 omnibus
563 2501 659 2578 literis,
671 2501 834 2584 privilegiis,
846 2501 1035 2566 instrumentis
1048 2515 1077 2564 et
1091 2501 1152 2565 aliis

87 2609 249 2676 documentis
263 2613 381 2695 repertis
396 2615 425 2677 in
439 2616 560 2697 quodam
575 2617 678 2680 coffino
698 2618 769 2680 infra
784 2625 914 2681 Sanctum
928 2618 1078 2694 Andrean,
1087 2631 1151 2680 tan·

86 2726 201 2804 gentibus
214 2727 318 2791 factum
332 2727 445 2792 illustris
454 2729 586 2812 principis
600 2729 877 2794 domininostridom¹
889 2730 1152 2814 Humbertidalphi-

86 2837 109 2898 ni
121 2839 281 2904 Viennensis
304 2841 332 2904 in
356 2841 517 2926 baylliviatu
536 2857 611 2907 terre
626 2844 724 2907 Turris
735 2858 764 2907 et
791 2843 961 2922 vallisbone,
977 2864 1028 2928 per
1041 2845 1150 2908 nobiles

85 2967 107 3015 et
120 2956 333 3039 circumspectos
346 2957 423 3021 viros
446 2959 518 3022 diros
547 2959 716 3041 Stephanum
746 2959 781 3022 de
808 2959 890 3020 Rufio
907 2959 1030 3035 militem,
1058 2958 1150 3040 legum

84 3066 213 3134 doctorem
227 3072 404 3156 judicemque
416 3073 548 3155 majorem
569 3074 685 3156 hospicii
700 3073 863 3157 dalphinalis
883 3088 911 3139 et
933 3073 1023 3136 tocius
1038 3071 1152 3156 Delphi-

83 3198 161 3264 natus‚
172 3202 201 3252 et
209 3189 406 3272 Reymundum
422 3189 553 3253 Falavelii
566 3177 765 3272 jurisperitum,
777 3188 949 3254 consiliarios
963 3187 1146 3268 dalphinales,

5 3353 7 3382 3
83 3295 166 3378 vigore
179 3302 354 3367 comissionis
371 3303 422 3366 sibi
434 3304 624 3368 verbothenus
636 3305 710 3368 facte
721 3324 772 3387 per
786 3323 877 3366 rever.
893 3303 921 3365 in
929 3302 1027 3383 xpisto
1041 3315 1148 3382 patrem

5 3409 7 3472 1
83 3423 106 3471 et
116 3412 252 3479 dominum
269 3417 348 3480 dom.
366 3419 516 3481 Henricum
530 3419 566 3482 de
580 3419 700 3496 vileriis,
717 3418 955 3500 archiepiscopum
971 3429 1000 3486 et
1018 3414 1147 3478 comitem

5 3521 7 3568 ἶ
85 3530 298 3610 Lugdunensem,
321 3534 555 3598 locumtenentem
575 3533 679 3596 domini
698 3534 786 3597 nostri
810 3531 931 3614 delphini
955 3530 1105 3611 supradicti
1119 3531 1148 3594 in

83 3645 218 3728 Torquiam
240 3649 269 3710 in
288 3649 402 3713 remotis
420 3649 539 3732 agentis,
561 3650 722 3713 convocatis
744 3669 807 3712 curn
826 3648 930 3712 eisdem
949 3647 1095 3712 Guillelmo
1112 3649 1148 3710 de

5 3731 7 3846 ξ
83 3758 163 3834 tuffo,
178 3758 305 3826 iohanne
322 3763 461 3839 Tentoris,
478 3763 624 3826 Guillelmo
638 3762 675 3825 de
689 3769 776 3826 Portu
792 3776 821 3826 et
832 3762 943 3825 Andrea
951 3761 993 3827 de
1006 3768 1145 3846 Aurayca,

5 3847 7 3890 ⁵
80 3873 182 3937 notariis
195 3877 359 3941 vacantibus
372 3897 436 3942 curn
451 3878 520 3960 ipsis
533 3878 562 3940 in
575 3897 661 3959 opere
675 3891 839 3942 memorato.

96 4071 98 4084 ’
113 4098 133 4137 1.
148 4086 171 4140 R
203 4086 259 4168 'stre
272 4087 307 4156 C,
324 4098 349 4142 2·
362 4087 454 4170 cahier,
469 4087 496 4146 r.
508 4105 546 4214 pt
561 4091 602 4169 dn
613 4088 701 4169 rudo
715 4103 796 4161 margo
808 4086 839 4142 du
854 4085 904 4170 titre
921 4106 927 4143 :
943 4096 969 4143 et
982 4097 1040 4144 sunt
1054 4086 1086 4146 ibi
1101 4089 1145 4146 aii-

80 4165 122 4222 qua
134 4153 163 4211 de
196 4158 359 4230 raysrvodono
372 4169 398 4215 et
411 4159 494 4233 aliqua
526 4159 600 4218 etius
615 4160 738 4232 partrbus.
