<?xml version="1.0" encoding="UTF-8"?>
<!DOCTYPE html PUBLIC "-//W3C//DTD XHTML 1.0 Transitional//EN"
    "http://www.w3.org/TR/xhtml1/DTD/xhtml1-transitional.dtd">
<html xmlns="http://www.w3.org/1999/xhtml" xml:lang="en" lang="en">
 <head>
  <title>
</title>
<meta http-equiv="Content-Type" content="text/html;charset=utf-8" />
  <meta name='ocr-system' content='tesseract 3.04.00' />
  <meta name='ocr-capabilities' content='ocr_page ocr_carea ocr_par ocr_line ocrx_word'/>
</head>
<body>
  <div class='ocr_page' id='page_1' title='image "./inventairedesar00glgoog/inventairedesar00glgoog_0306.png"; bbox 0 0 2842 4900; ppageno 0'>
   <div class='ocr_carea' id='block_1_1' title="bbox 78 613 1152 1666">
    <p class='ocr_par' dir='ltr' id='par_1_1' title="bbox 78 613 1152 1550">
     <span class='ocr_line' id='line_1_1' title="bbox 119 613 1147 700; baseline 0.003 -25"><span class='ocrx_word' id='word_1_1' title='bbox 119 613 204 694; x_wconf 74' lang='lat'>1566.</span> <span class='ocrx_word' id='word_1_2' title='bbox 222 621 302 694; x_wconf 85' lang='lat' dir='ltr'>itero,</span> <span class='ocrx_word' id='word_1_3' title='bbox 317 614 404 700; x_wconf 78' lang='lat' dir='ltr'>quart</span> <span class='ocrx_word' id='word_1_4' title='bbox 420 615 458 678; x_wconf 86' lang='lat' dir='ltr'>al.</span> <span class='ocrx_word' id='word_1_5' title='bbox 478 615 556 697; x_wconf 83' lang='lat' dir='ltr'>publ.</span> <span class='ocrx_word' id='word_1_6' title='bbox 577 616 787 680; x_wconf 71' lang='lat' dir='ltr'>instrumentum</span> <span class='ocrx_word' id='word_1_7' title='bbox 802 616 935 699; x_wconf 86' lang='lat' dir='ltr'>scriptum</span> <span class='ocrx_word' id='word_1_8' title='bbox 955 635 1038 680; x_wconf 85' lang='lat' dir='ltr'>manu</span> <span class='ocrx_word' id='word_1_9' title='bbox 1062 615 1147 697; x_wconf 88' lang='lat' dir='ltr'>Guig.</span> 
     </span>
     <span class='ocr_line' id='line_1_2' title="bbox 79 711 1146 794; baseline 0.004 -22"><span class='ocrx_word' id='word_1_10' title='bbox 79 711 216 775; x_wconf 74' lang='lat' dir='ltr'>Frumenti</span> <span class='ocrx_word' id='word_1_11' title='bbox 229 725 288 775; x_wconf 87' lang='lat' dir='ltr'>not.</span> <span class='ocrx_word' id='word_1_12' title='bbox 297 712 365 794; x_wconf 88' lang='lat' dir='ltr'>pub.</span> <span class='ocrx_word' id='word_1_13' title='bbox 380 711 432 774; x_wconf 89' lang='lat' dir='ltr'>sub</span> <span class='ocrx_word' id='word_1_14' title='bbox 441 731 516 776; x_wconf 90' lang='lat' dir='ltr'>anno</span> <span class='ocrx_word' id='word_1_15' title='bbox 528 713 582 776; x_wconf 85' lang='lat' dir='ltr'>Dlli</span> <span class='ocrx_word' id='word_1_16' title='bbox 593 719 870 792; x_wconf 68' lang='lat' dir='ltr'>Mtccc⁰xxxvll⁰,</span> <span class='ocrx_word' id='word_1_17' title='bbox 885 713 969 778; x_wconf 87' lang='lat' dir='ltr'>indic.</span> <span class='ocrx_word' id='word_1_18' title='bbox 985 727 1026 790; x_wconf 71' lang='lat' dir='ltr'>ve,</span> <span class='ocrx_word' id='word_1_19' title='bbox 1042 712 1088 776; x_wconf 90' lang='lat' dir='ltr'>die</span> <span class='ocrx_word' id='word_1_20' title='bbox 1095 725 1146 775; x_wconf 79' lang='lat' dir='ltr'>xx·</span> 
     </span>
     <span class='ocr_line' id='line_1_3' title="bbox 78 806 1149 892; baseline 0.004 -24"><span class='ocrx_word' id='word_1_21' title='bbox 78 807 177 870; x_wconf 86' lang='lat' dir='ltr'>mensis</span> <span class='ocrx_word' id='word_1_22' title='bbox 187 806 346 884; x_wconf 83' lang='lat' dir='ltr'>decenbris,</span> <span class='ocrx_word' id='word_1_23' title='bbox 361 806 507 872; x_wconf 77' lang='lat' dir='ltr'>conunens</span> <span class='ocrx_word' id='word_1_24' title='bbox 517 809 675 892; x_wconf 79' lang='lat' dir='ltr'>homagium</span> <span class='ocrx_word' id='word_1_25' title='bbox 688 809 782 891; x_wconf 92' lang='lat' dir='ltr'>ligium</span> <span class='ocrx_word' id='word_1_26' title='bbox 795 810 937 892; x_wconf 86' lang='lat' dir='ltr'>prestitum</span> <span class='ocrx_word' id='word_1_27' title='bbox 963 809 1041 873; x_wconf 83' lang='lat' dir='ltr'>dom⁰</span> <span class='ocrx_word' id='word_1_28' title='bbox 1054 821 1149 872; x_wconf 86' lang='lat' dir='ltr'>nosuo</span> 
     </span>
     <span class='ocr_line' id='line_1_4' title="bbox 78 903 1151 992; baseline 0.004 -26"><span class='ocrx_word' id='word_1_29' title='bbox 78 903 207 985; x_wconf 86' lang='lat' dir='ltr'>dalphino</span> <span class='ocrx_word' id='word_1_30' title='bbox 218 923 268 986; x_wconf 88' lang='lat' dir='ltr'>per</span> <span class='ocrx_word' id='word_1_31' title='bbox 281 905 402 968; x_wconf 89' lang='lat' dir='ltr'>nobilem</span> <span class='ocrx_word' id='word_1_32' title='bbox 414 905 504 968; x_wconf 88' lang='lat' dir='ltr'>virum</span> <span class='ocrx_word' id='word_1_33' title='bbox 532 912 645 969; x_wconf 84' lang='lat' dir='ltr'>Petrum</span> <span class='ocrx_word' id='word_1_34' title='bbox 658 906 773 972; x_wconf 79' lang='lat' dir='ltr'>vortant</span> <span class='ocrx_word' id='word_1_35' title='bbox 797 908 833 970; x_wconf 92' lang='lat' dir='ltr'>de</span> <span class='ocrx_word' id='word_1_36' title='bbox 846 915 944 992; x_wconf 76' lang='lat' dir='ltr'>nyma,</span> <span class='ocrx_word' id='word_1_37' title='bbox 961 925 1013 987; x_wconf 87' lang='lat' dir='ltr'>pro</span> <span class='ocrx_word' id='word_1_38' title='bbox 1027 905 1111 970; x_wconf 87' lang='lat' dir='ltr'>rebus</span> <span class='ocrx_word' id='word_1_39' title='bbox 1122 919 1151 970; x_wconf 89' lang='lat' dir='ltr'>et</span> 
     </span>
     <span class='ocr_line' id='line_1_5' title="bbox 78 1000 1149 1084; baseline 0.002 -20"><span class='ocrx_word' id='word_1_40' title='bbox 78 1000 155 1064; x_wconf 87' lang='lat' dir='ltr'>bonis</span> <span class='ocrx_word' id='word_1_41' title='bbox 171 1019 226 1082; x_wconf 89' lang='lat' dir='ltr'>que</span> <span class='ocrx_word' id='word_1_42' title='bbox 236 1001 329 1079; x_wconf 87' lang='lat' dir='ltr'>habet,</span> <span class='ocrx_word' id='word_1_43' title='bbox 343 1015 420 1066; x_wconf 86' lang='lat' dir='ltr'>tenet</span> <span class='ocrx_word' id='word_1_44' title='bbox 435 1017 464 1066; x_wconf 90' lang='lat' dir='ltr'>et</span> <span class='ocrx_word' id='word_1_45' title='bbox 479 1003 603 1084; x_wconf 79' lang='lat' dir='ltr'>possidet</span> <span class='ocrx_word' id='word_1_46' title='bbox 614 1003 643 1066; x_wconf 92' lang='lat' dir='ltr'>in</span> <span class='ocrx_word' id='word_1_47' title='bbox 664 1003 860 1068; x_wconf 81' lang='lat' dir='ltr'>mandamento</span> <span class='ocrx_word' id='word_1_48' title='bbox 875 1003 1051 1069; x_wconf 79' lang='lat' dir='ltr'>atterritorio</span> <span class='ocrx_word' id='word_1_49' title='bbox 1067 1003 1149 1066; x_wconf 86' lang='lat' dir='ltr'>castri</span> 
     </span>
     <span class='ocr_line' id='line_1_6' title="bbox 78 1097 1151 1182; baseline 0.004 -22"><span class='ocrx_word' id='word_1_50' title='bbox 78 1110 102 1160; x_wconf 88' lang='lat' dir='ltr'>et</span> <span class='ocrx_word' id='word_1_51' title='bbox 114 1097 274 1162; x_wconf 79' lang='lat' dir='ltr'>castellanis</span> <span class='ocrx_word' id='word_1_52' title='bbox 288 1097 451 1178; x_wconf 86' lang='lat' dir='ltr'>Bellilortis;</span> <span class='ocrx_word' id='word_1_53' title='bbox 468 1119 537 1182; x_wconf 86' lang='lat' dir='ltr'>quas</span> <span class='ocrx_word' id='word_1_54' title='bbox 551 1119 596 1163; x_wconf 92' lang='lat' dir='ltr'>res</span> <span class='ocrx_word' id='word_1_55' title='bbox 607 1119 697 1182; x_wconf 85' lang='lat' dir='ltr'>nuper</span> <span class='ocrx_word' id='word_1_56' title='bbox 707 1101 909 1182; x_wconf 77' lang='lat' dir='ltr'>particulariter</span> <span class='ocrx_word' id='word_1_57' title='bbox 919 1113 947 1164; x_wconf 89' lang='lat' dir='ltr'>et</span> <span class='ocrx_word' id='word_1_58' title='bbox 965 1098 1093 1164; x_wconf 88' lang='lat' dir='ltr'>distincte</span> <span class='ocrx_word' id='word_1_59' title='bbox 1103 1115 1151 1164; x_wconf 88' lang='lat' dir='ltr'>re-</span> 
     </span>
     <span class='ocr_line' id='line_1_7' title="bbox 78 1193 1149 1275; baseline 0.003 -20"><span class='ocrx_word' id='word_1_60' title='bbox 78 1193 210 1275; x_wconf 83' lang='lat' dir='ltr'>cognovit</span> <span class='ocrx_word' id='word_1_61' title='bbox 235 1207 265 1256; x_wconf 89' lang='lat' dir='ltr'>et</span> <span class='ocrx_word' id='word_1_62' title='bbox 286 1194 437 1258; x_wconf 82' lang='lat' dir='ltr'>declaravit</span> <span class='ocrx_word' id='word_1_63' title='bbox 461 1213 554 1259; x_wconf 85' lang='lat' dir='ltr'>coram</span> <span class='ocrx_word' id='word_1_64' title='bbox 578 1195 655 1259; x_wconf 85' lang='lat' dir='ltr'>dom⁰</span> <span class='ocrx_word' id='word_1_65' title='bbox 679 1198 805 1260; x_wconf 80' lang='lat' dir='ltr'>iohanne</span> <span class='ocrx_word' id='word_1_66' title='bbox 830 1197 865 1260; x_wconf 90' lang='lat' dir='ltr'>de</span> <span class='ocrx_word' id='word_1_67' title='bbox 892 1196 1021 1260; x_wconf 83' lang='lat' dir='ltr'>Palaniso</span> <span class='ocrx_word' id='word_1_68' title='bbox 1052 1195 1149 1274; x_wconf 90' lang='lat' dir='ltr'>milite,</span> 
     </span>
     <span class='ocr_line' id='line_1_8' title="bbox 79 1293 1151 1374; baseline 0 -20"><span class='ocrx_word' id='word_1_69' title='bbox 79 1293 206 1374; x_wconf 87' lang='lat' dir='ltr'>Guigone</span> <span class='ocrx_word' id='word_1_70' title='bbox 232 1293 348 1356; x_wconf 87' lang='lat' dir='ltr'>Borrelli</span> <span class='ocrx_word' id='word_1_71' title='bbox 360 1307 390 1358; x_wconf 95' lang='lat' dir='ltr'>et</span> <span class='ocrx_word' id='word_1_72' title='bbox 412 1294 498 1358; x_wconf 86' lang='lat' dir='ltr'>fratre</span> <span class='ocrx_word' id='word_1_73' title='bbox 522 1293 677 1358; x_wconf 79' lang='lat' dir='ltr'>bertrando</span> <span class='ocrx_word' id='word_1_74' title='bbox 703 1294 740 1356; x_wconf 93' lang='lat' dir='ltr'>de</span> <span class='ocrx_word' id='word_1_75' title='bbox 766 1293 914 1370; x_wconf 80' lang='lat' dir='ltr'>verduno,</span> <span class='ocrx_word' id='word_1_76' title='bbox 935 1293 1100 1356; x_wconf 86' lang='lat' dir='ltr'>comissariis</span> <span class='ocrx_word' id='word_1_77' title='bbox 1122 1293 1151 1355; x_wconf 93' lang='lat' dir='ltr'>in</span> 
     </span>
     <span class='ocr_line' id='line_1_9' title="bbox 78 1388 1152 1474; baseline 0.002 -22"><span class='ocrx_word' id='word_1_78' title='bbox 78 1402 148 1452; x_wconf 87' lang='lat' dir='ltr'>terra</span> <span class='ocrx_word' id='word_1_79' title='bbox 181 1388 352 1472; x_wconf 77' lang='lat' dir='ltr'>Fucignioci,</span> <span class='ocrx_word' id='word_1_80' title='bbox 369 1391 447 1454; x_wconf 82' lang='lat' dir='ltr'>salvo</span> <span class='ocrx_word' id='word_1_81' title='bbox 466 1405 495 1454; x_wconf 90' lang='lat' dir='ltr'>et</span> <span class='ocrx_word' id='word_1_82' title='bbox 507 1405 616 1455; x_wconf 89' lang='lat' dir='ltr'>retento</span> <span class='ocrx_word' id='word_1_83' title='bbox 637 1391 766 1474; x_wconf 87' lang='lat' dir='ltr'>homagio</span> <span class='ocrx_word' id='word_1_84' title='bbox 786 1390 864 1473; x_wconf 91' lang='lat' dir='ltr'>quod</span> <span class='ocrx_word' id='word_1_85' title='bbox 883 1389 968 1454; x_wconf 89' lang='lat' dir='ltr'>debet</span> <span class='ocrx_word' id='word_1_86' title='bbox 986 1389 1079 1452; x_wconf 87' lang='lat' dir='ltr'>comiti</span> <span class='ocrx_word' id='word_1_87' title='bbox 1097 1397 1152 1454; x_wconf 83' lang='lat' dir='ltr'>Sa-</span> 
     </span>
     <span class='ocr_line' id='line_1_10' title="bbox 78 1485 188 1550; baseline 0.009 -1"><span class='ocrx_word' id='word_1_88' title='bbox 78 1485 188 1550; x_wconf 73' lang='lat' dir='ltr'>brodio:</span> 
     </span>
    </p>

    <p class='ocr_par' dir='ltr' id='par_1_2' title="bbox 118 1582 1152 1666">
     <span class='ocr_line' id='line_1_11' title="bbox 118 1582 1152 1666; baseline 0.001 -20"><span class='ocrx_word' id='word_1_89' title='bbox 118 1583 349 1665; x_wconf 83' lang='lat' dir='ltr'>1567.1tem,al.</span> <span class='ocrx_word' id='word_1_90' title='bbox 363 1583 440 1665; x_wconf 90' lang='lat' dir='ltr'>publ.</span> <span class='ocrx_word' id='word_1_91' title='bbox 458 1583 672 1654; x_wconf 68' lang='lat' dir='ltr'>instrumentum,</span> <span class='ocrx_word' id='word_1_92' title='bbox 686 1583 818 1666; x_wconf 84' lang='lat' dir='ltr'>scriptum</span> <span class='ocrx_word' id='word_1_93' title='bbox 831 1602 915 1648; x_wconf 86' lang='lat' dir='ltr'>manu</span> <span class='ocrx_word' id='word_1_94' title='bbox 942 1582 1018 1646; x_wconf 85' lang='lat' dir='ltr'>Petri</span> <span class='ocrx_word' id='word_1_95' title='bbox 1033 1584 1152 1648; x_wconf 87' lang='lat' dir='ltr'>Bosonis</span> 
     </span>
    </p>
   </div>
   <div class='ocr_carea' id='block_1_2' title="bbox 77 1657 1272 1764">
    <p class='ocr_par' dir='ltr' id='par_1_3' title="bbox 77 1657 1272 1764">
     <span class='ocr_line' id='line_1_12' title="bbox 77 1657 1272 1764; baseline -0.001 -18"><span class='ocrx_word' id='word_1_96' title='bbox 77 1681 175 1746; x_wconf 75' lang='lat' dir='ltr'>commi</span> <span class='ocrx_word' id='word_1_97' title='bbox 192 1679 270 1762; x_wconf 87' lang='lat' dir='ltr'>publ.</span> <span class='ocrx_word' id='word_1_98' title='bbox 286 1680 315 1742; x_wconf 93' lang='lat' dir='ltr'>in</span> <span class='ocrx_word' id='word_1_99' title='bbox 328 1680 482 1757; x_wconf 82' lang='lat' dir='ltr'>comancio,</span> <span class='ocrx_word' id='word_1_100' title='bbox 500 1681 553 1744; x_wconf 91' lang='lat' dir='ltr'>sub</span> <span class='ocrx_word' id='word_1_101' title='bbox 580 1699 654 1744; x_wconf 87' lang='lat' dir='ltr'>anno</span> <span class='ocrx_word' id='word_1_102' title='bbox 684 1681 738 1744; x_wconf 84' lang='lat' dir='ltr'>oni</span> <span class='ocrx_word' id='word_1_103' title='bbox 754 1688 926 1764; x_wconf 83' lang='lat' dir='ltr'><strong>M⁰CCC⁰V⁰,</strong></span> <span class='ocrx_word' id='word_1_104' title='bbox 952 1700 1007 1746; x_wconf 79' lang='lat' dir='ltr'>xri·</span> <span class='ocrx_word' id='word_1_105' title='bbox 1022 1680 1069 1744; x_wconf 87' lang='lat' dir='ltr'>die</span> <span class='ocrx_word' id='word_1_106' title='bbox 1080 1681 1149 1761; x_wconf 86' lang='lat' dir='ltr'>julii,</span> <span class='ocrx_word' id='word_1_107' title='bbox 1266 1657 1272 1680; x_wconf 54' lang='lat'><em>³</em></span> 
     </span>
    </p>
   </div>
   <div class='ocr_carea' id='block_1_3' title="bbox 1 1776 1156 2831">
    <p class='ocr_par' dir='ltr' id='par_1_4' title="bbox 1 1776 1151 2054">
     <span class='ocr_line' id='line_1_13' title="bbox 78 1776 1151 1865; baseline 0.002 -25"><span class='ocrx_word' id='word_1_108' title='bbox 78 1778 224 1840; x_wconf 88' lang='lat' dir='ltr'>continens</span> <span class='ocrx_word' id='word_1_109' title='bbox 237 1776 313 1859; x_wconf 89' lang='lat' dir='ltr'>quod</span> <span class='ocrx_word' id='word_1_110' title='bbox 324 1777 354 1840; x_wconf 95' lang='lat' dir='ltr'>d.</span> <span class='ocrx_word' id='word_1_111' title='bbox 364 1777 526 1840; x_wconf 88' lang='lat' dir='ltr'>Guillelmus</span> <span class='ocrx_word' id='word_1_112' title='bbox 535 1778 571 1840; x_wconf 89' lang='lat' dir='ltr'>de</span> <span class='ocrx_word' id='word_1_113' title='bbox 584 1778 710 1854; x_wconf 81' lang='lat' dir='ltr'>lamvila,</span> <span class='ocrx_word' id='word_1_114' title='bbox 723 1778 850 1842; x_wconf 85' lang='lat' dir='ltr'>dominus</span> <span class='ocrx_word' id='word_1_115' title='bbox 860 1780 895 1842; x_wconf 95' lang='lat' dir='ltr'>de</span> <span class='ocrx_word' id='word_1_116' title='bbox 905 1786 996 1865; x_wconf 85' lang='lat' dir='ltr'>Gayo,</span> <span class='ocrx_word' id='word_1_117' title='bbox 1008 1781 1151 1844; x_wconf 79' lang='lat' dir='ltr'>confessus</span> 
     </span>
     <span class='ocr_line' id='line_1_14' title="bbox 78 1874 1150 1955; baseline 0.002 -19"><span class='ocrx_word' id='word_1_118' title='bbox 78 1875 125 1937; x_wconf 86' lang='lat' dir='ltr'>hrit</span> <span class='ocrx_word' id='word_1_119' title='bbox 141 1894 173 1936; x_wconf 89' lang='lat' dir='ltr'>se</span> <span class='ocrx_word' id='word_1_120' title='bbox 187 1887 284 1938; x_wconf 88' lang='lat' dir='ltr'>tenere</span> <span class='ocrx_word' id='word_1_121' title='bbox 294 1895 311 1938; x_wconf 86' lang='lat' dir='ltr'>o</span> <span class='ocrx_word' id='word_1_122' title='bbox 320 1874 398 1938; x_wconf 86' lang='lat' dir='ltr'>dom⁰</span> <span class='ocrx_word' id='word_1_123' title='bbox 406 1875 531 1938; x_wconf 81' lang='lat' dir='ltr'>iohanne</span> <span class='ocrx_word' id='word_1_124' title='bbox 541 1875 672 1955; x_wconf 79' lang='lat' dir='ltr'>delphino</span> <span class='ocrx_word' id='word_1_125' title='bbox 681 1875 829 1938; x_wconf 88' lang='lat' dir='ltr'>Viennensi</span> <span class='ocrx_word' id='word_1_126' title='bbox 840 1877 952 1941; x_wconf 90' lang='lat' dir='ltr'>domum</span> <span class='ocrx_word' id='word_1_127' title='bbox 963 1896 1041 1942; x_wconf 89' lang='lat' dir='ltr'>suam</span> <span class='ocrx_word' id='word_1_128' title='bbox 1051 1876 1150 1940; x_wconf 83' lang='lat' dir='ltr'>fortem</span> 
     </span>
     <span class='ocr_line' id='line_1_15' title="bbox 1 1969 1149 2054; baseline 0.003 -24"><span class='ocrx_word' id='word_1_129' title='bbox 1 1971 2 1980; x_wconf 75' lang='grc'>’</span> <span class='ocrx_word' id='word_1_130' title='bbox 79 1971 208 2034; x_wconf 74' lang='lat' dir='ltr'>declusa</span> <span class='ocrx_word' id='word_1_131' title='bbox 222 1969 259 2032; x_wconf 91' lang='lat' dir='ltr'>de</span> <span class='ocrx_word' id='word_1_132' title='bbox 273 1977 365 2052; x_wconf 84' lang='lat' dir='ltr'>Gayo,</span> <span class='ocrx_word' id='word_1_133' title='bbox 379 1971 491 2034; x_wconf 89' lang='lat' dir='ltr'>nomine</span> <span class='ocrx_word' id='word_1_134' title='bbox 501 1971 574 2034; x_wconf 92' lang='lat' dir='ltr'>dom¹</span> <span class='ocrx_word' id='word_1_135' title='bbox 583 1971 709 2053; x_wconf 81' lang='lat' dir='ltr'>lingonis</span> <span class='ocrx_word' id='word_1_136' title='bbox 718 1973 856 2054; x_wconf 87' lang='lat' dir='ltr'>Dalphini,</span> <span class='ocrx_word' id='word_1_137' title='bbox 867 1973 972 2037; x_wconf 87' lang='lat' dir='ltr'>domini</span> <span class='ocrx_word' id='word_1_138' title='bbox 980 1971 1149 2054; x_wconf 81' lang='lat' dir='ltr'>Fucigniaci,</span> 
     </span>
    </p>

    <p class='ocr_par' dir='ltr' id='par_1_5' title="bbox 1 2066 1152 2354">
     <span class='ocr_line' id='line_1_16' title="bbox 80 2066 1152 2154; baseline 0 -22"><span class='ocrx_word' id='word_1_139' title='bbox 80 2081 105 2132; x_wconf 89' lang='lat' dir='ltr'>et</span> <span class='ocrx_word' id='word_1_140' title='bbox 117 2066 247 2149; x_wconf 85' lang='lat' dir='ltr'>promisit</span> <span class='ocrx_word' id='word_1_141' title='bbox 260 2068 363 2150; x_wconf 84' lang='lat' dir='ltr'>dictum</span> <span class='ocrx_word' id='word_1_142' title='bbox 374 2067 449 2130; x_wconf 90' lang='lat' dir='ltr'>dom.</span> <span class='ocrx_word' id='word_1_143' title='bbox 466 2076 541 2150; x_wconf 77' lang='lat' dir='ltr'>hug.</span> <span class='ocrx_word' id='word_1_144' title='bbox 555 2082 583 2131; x_wconf 91' lang='lat' dir='ltr'>et</span> <span class='ocrx_word' id='word_1_145' title='bbox 597 2082 695 2151; x_wconf 88' lang='lat' dir='ltr'>gentes</span> <span class='ocrx_word' id='word_1_146' title='bbox 703 2089 767 2132; x_wconf 87' lang='lat' dir='ltr'>suas</span> <span class='ocrx_word' id='word_1_147' title='bbox 776 2071 1028 2154; x_wconf 86' lang='lat' dir='ltr'>quocienscumque</span> <span class='ocrx_word' id='word_1_148' title='bbox 1036 2087 1152 2134; x_wconf 88' lang='lat' dir='ltr'>necesse</span> 
     </span>
     <span class='ocr_line' id='line_1_17' title="bbox 1 2155 1152 2250; baseline 0.008 -27"><span class='ocrx_word' id='word_1_149' title='bbox 1 2155 2 2164; x_wconf 73' lang='grc'>’</span> <span class='ocrx_word' id='word_1_150' title='bbox 79 2161 159 2226; x_wconf 85' lang='lat' dir='ltr'>luerit</span> <span class='ocrx_word' id='word_1_151' title='bbox 172 2163 202 2225; x_wconf 89' lang='lat' dir='ltr'>in</span> <span class='ocrx_word' id='word_1_152' title='bbox 215 2163 288 2226; x_wconf 90' lang='lat' dir='ltr'>dicta</span> <span class='ocrx_word' id='word_1_153' title='bbox 295 2163 379 2248; x_wconf 87' lang='lat' dir='ltr'>domo</span> <span class='ocrx_word' id='word_1_154' title='bbox 386 2179 540 2247; x_wconf 87' lang='lat' dir='ltr'>receptare,</span> <span class='ocrx_word' id='word_1_155' title='bbox 549 2167 624 2249; x_wconf 90' lang='lat' dir='ltr'>quod</span> <span class='ocrx_word' id='word_1_156' title='bbox 632 2167 744 2249; x_wconf 88' lang='lat' dir='ltr'>quidem</span> <span class='ocrx_word' id='word_1_157' title='bbox 753 2168 843 2231; x_wconf 64' lang='lat' dir='ltr'>instro</span> <span class='ocrx_word' id='word_1_158' title='bbox 856 2169 1002 2250; x_wconf 88' lang='lat' dir='ltr'>sigillatum</span> <span class='ocrx_word' id='word_1_159' title='bbox 1012 2167 1152 2249; x_wconf 88' lang='lat' dir='ltr'>estsigillo</span> 
     </span>
     <span class='ocr_line' id='line_1_18' title="bbox 80 2262 753 2354; baseline 0.004 -30"><span class='ocrx_word' id='word_1_160' title='bbox 80 2263 182 2326; x_wconf 83' lang='lat' dir='ltr'>domini</span> <span class='ocrx_word' id='word_1_161' title='bbox 198 2262 234 2325; x_wconf 92' lang='lat' dir='ltr'>de</span> <span class='ocrx_word' id='word_1_162' title='bbox 247 2262 331 2346; x_wconf 84' lang='lat' dir='ltr'>hrlay</span> <span class='ocrx_word' id='word_1_163' title='bbox 345 2277 374 2326; x_wconf 90' lang='lat' dir='ltr'>et</span> <span class='ocrx_word' id='word_1_164' title='bbox 385 2263 474 2350; x_wconf 77' lang='lat' dir='ltr'>quod.</span> <span class='ocrx_word' id='word_1_165' title='bbox 487 2264 542 2326; x_wconf 86' lang='lat' dir='ltr'>alio</span> <span class='ocrx_word' id='word_1_166' title='bbox 555 2285 643 2354; x_wconf 84' lang='lat' dir='ltr'>parvo</span> <span class='ocrx_word' id='word_1_167' title='bbox 652 2265 753 2348; x_wconf 90' lang='lat' dir='ltr'>sigillo.</span> 
     </span>
    </p>

    <p class='ocr_par' dir='ltr' id='par_1_6' title="bbox 80 2361 1156 2831">
     <span class='ocr_line' id='line_1_19' title="bbox 120 2361 1152 2445; baseline 0.004 -23"><span class='ocrx_word' id='word_1_168' title='bbox 120 2361 210 2442; x_wconf 82' lang='lat'>1568.</span> <span class='ocrx_word' id='word_1_169' title='bbox 223 2367 302 2436; x_wconf 86' lang='lat' dir='ltr'>item,</span> <span class='ocrx_word' id='word_1_170' title='bbox 323 2361 409 2442; x_wconf 90' lang='lat' dir='ltr'>quod.</span> <span class='ocrx_word' id='word_1_171' title='bbox 427 2362 464 2424; x_wconf 87' lang='lat' dir='ltr'>al.</span> <span class='ocrx_word' id='word_1_172' title='bbox 479 2362 691 2426; x_wconf 85' lang='lat' dir='ltr'>instrumentum</span> <span class='ocrx_word' id='word_1_173' title='bbox 714 2362 792 2442; x_wconf 90' lang='lat' dir='ltr'>publ.</span> <span class='ocrx_word' id='word_1_174' title='bbox 823 2362 955 2445; x_wconf 88' lang='lat' dir='ltr'>scriptum</span> <span class='ocrx_word' id='word_1_175' title='bbox 970 2381 1053 2426; x_wconf 89' lang='lat' dir='ltr'>manu</span> <span class='ocrx_word' id='word_1_176' title='bbox 1077 2362 1152 2426; x_wconf 85' lang='lat' dir='ltr'>Petri</span> 
     </span>
     <span class='ocr_line' id='line_1_20' title="bbox 80 2458 1153 2541; baseline 0 -19"><span class='ocrx_word' id='word_1_177' title='bbox 80 2458 185 2522; x_wconf 88' lang='lat' dir='ltr'>viviaci</span> <span class='ocrx_word' id='word_1_178' title='bbox 200 2459 299 2523; x_wconf 67' lang='lat' dir='ltr'>nonni</span> <span class='ocrx_word' id='word_1_179' title='bbox 312 2458 389 2541; x_wconf 90' lang='lat' dir='ltr'>publ.</span> <span class='ocrx_word' id='word_1_180' title='bbox 405 2460 457 2524; x_wconf 90' lang='lat' dir='ltr'>sub</span> <span class='ocrx_word' id='word_1_181' title='bbox 473 2479 547 2532; x_wconf 87' lang='lat' dir='ltr'>anno</span> <span class='ocrx_word' id='word_1_182' title='bbox 573 2460 626 2523; x_wconf 80' lang='lat' dir='ltr'>nni</span> <span class='ocrx_word' id='word_1_183' title='bbox 645 2466 891 2538; x_wconf 80' lang='lat' dir='ltr'>M0CC⁰XC01111⁰‚</span> <span class='ocrx_word' id='word_1_184' title='bbox 913 2461 992 2524; x_wconf 84' lang='lat' dir='ltr'>indit.</span> <span class='ocrx_word' id='word_1_185' title='bbox 1019 2473 1083 2536; x_wconf 65' lang='lat' dir='ltr'>vnt,</span> <span class='ocrx_word' id='word_1_186' title='bbox 1098 2471 1153 2522; x_wconf 77' lang='grc' dir='ltr'>ιιιιο</span> 
     </span>
     <span class='ocr_line' id='line_1_21' title="bbox 80 2555 1154 2640; baseline 0.002 -22"><span class='ocrx_word' id='word_1_187' title='bbox 80 2555 192 2620; x_wconf 87' lang='lat' dir='ltr'>kalend.</span> <span class='ocrx_word' id='word_1_188' title='bbox 208 2555 335 2635; x_wconf 84' lang='lat' dir='ltr'>ianuarii,</span> <span class='ocrx_word' id='word_1_189' title='bbox 350 2557 495 2622; x_wconf 88' lang='lat' dir='ltr'>continens</span> <span class='ocrx_word' id='word_1_190' title='bbox 517 2557 592 2640; x_wconf 87' lang='lat' dir='ltr'>quod</span> <span class='ocrx_word' id='word_1_191' title='bbox 608 2557 744 2620; x_wconf 77' lang='lat' dir='ltr'>hienricus</span> <span class='ocrx_word' id='word_1_192' title='bbox 771 2557 806 2621; x_wconf 81' lang='lat' dir='ltr'>d&#39;e</span> <span class='ocrx_word' id='word_1_193' title='bbox 830 2557 967 2639; x_wconf 84' lang='lat' dir='ltr'>Lucingio</span> <span class='ocrx_word' id='word_1_194' title='bbox 980 2557 1154 2634; x_wconf 84' lang='lat' dir='ltr'>domicellus,</span> 
     </span>
     <span class='ocr_line' id='line_1_22' title="bbox 80 2651 1155 2737; baseline 0.006 -25"><span class='ocrx_word' id='word_1_195' title='bbox 80 2651 149 2716; x_wconf 82' lang='lat' dir='ltr'>filius</span> <span class='ocrx_word' id='word_1_196' title='bbox 177 2652 298 2716; x_wconf 88' lang='lat' dir='ltr'>condam</span> <span class='ocrx_word' id='word_1_197' title='bbox 312 2653 385 2716; x_wconf 88' lang='lat' dir='ltr'>dom¹</span> <span class='ocrx_word' id='word_1_198' title='bbox 399 2654 532 2737; x_wconf 80' lang='lat' dir='ltr'>hymonis</span> <span class='ocrx_word' id='word_1_199' title='bbox 545 2654 582 2718; x_wconf 90' lang='lat' dir='ltr'>de</span> <span class='ocrx_word' id='word_1_200' title='bbox 596 2653 730 2734; x_wconf 82' lang='lat' dir='ltr'>Lucingio</span> <span class='ocrx_word' id='word_1_201' title='bbox 751 2653 854 2730; x_wconf 88' lang='lat' dir='ltr'>militis,</span> <span class='ocrx_word' id='word_1_202' title='bbox 874 2655 1018 2720; x_wconf 79' lang='lat' dir='ltr'>confessus</span> <span class='ocrx_word' id='word_1_203' title='bbox 1031 2655 1082 2722; x_wconf 86' lang='lat' dir='ltr'>luit</span> <span class='ocrx_word' id='word_1_204' title='bbox 1099 2674 1155 2736; x_wconf 91' lang='lat' dir='ltr'>pu-</span> 
     </span>
     <span class='ocr_line' id='line_1_23' title="bbox 81 2747 1156 2831; baseline 0.005 -21"><span class='ocrx_word' id='word_1_205' title='bbox 81 2747 150 2812; x_wconf 89' lang='lat' dir='ltr'>blice</span> <span class='ocrx_word' id='word_1_206' title='bbox 159 2763 189 2812; x_wconf 92' lang='lat' dir='ltr'>et</span> <span class='ocrx_word' id='word_1_207' title='bbox 204 2749 369 2830; x_wconf 87' lang='lat' dir='ltr'>recognovit</span> <span class='ocrx_word' id='word_1_208' title='bbox 382 2750 418 2811; x_wconf 88' lang='lat' dir='ltr'>ad</span> <span class='ocrx_word' id='word_1_209' title='bbox 425 2750 585 2812; x_wconf 87' lang='lat' dir='ltr'>instanciam</span> <span class='ocrx_word' id='word_1_210' title='bbox 593 2763 621 2812; x_wconf 89' lang='lat' dir='ltr'>et</span> <span class='ocrx_word' id='word_1_211' title='bbox 634 2749 846 2831; x_wconf 87' lang='lat' dir='ltr'>requisicionem</span> <span class='ocrx_word' id='word_1_212' title='bbox 858 2751 974 2831; x_wconf 84' lang='lat' dir='ltr'>predicti</span> <span class='ocrx_word' id='word_1_213' title='bbox 984 2751 1096 2829; x_wconf 87' lang='lat' dir='ltr'>notarii,</span> <span class='ocrx_word' id='word_1_214' title='bbox 1112 2771 1156 2816; x_wconf 87' lang='lat' dir='ltr'>re·</span> 
     </span>
    </p>
   </div>
   <div class='ocr_carea' id='block_1_4' title="bbox 81 2837 1265 2931">
    <p class='ocr_par' dir='ltr' id='par_1_7' title="bbox 81 2837 1265 2931">
     <span class='ocr_line' id='line_1_24' title="bbox 81 2837 1265 2931; baseline 0.004 -23"><span class='ocrx_word' id='word_1_215' title='bbox 81 2837 207 2926; x_wconf 81' lang='lat' dir='ltr'>cipiehtis</span> <span class='ocrx_word' id='word_1_216' title='bbox 221 2845 332 2909; x_wconf 88' lang='lat' dir='ltr'>nomine</span> <span class='ocrx_word' id='word_1_217' title='bbox 342 2845 388 2907; x_wconf 85' lang='lat' dir='ltr'>ill·</span> <span class='ocrx_word' id='word_1_218' title='bbox 397 2843 474 2909; x_wconf 81' lang='lat' dir='ltr'>dom.</span> <span class='ocrx_word' id='word_1_219' title='bbox 491 2845 658 2928; x_wconf 62' lang='lat' dir='ltr'>meminis),</span> <span class='ocrx_word' id='word_1_220' title='bbox 667 2845 797 2926; x_wconf 77' lang='lat' dir='ltr'>delphine</span> <span class='ocrx_word' id='word_1_221' title='bbox 812 2846 924 2910; x_wconf 87' lang='lat' dir='ltr'>domine</span> <span class='ocrx_word' id='word_1_222' title='bbox 938 2849 1112 2931; x_wconf 80' lang='lat' dir='ltr'>Fucigniaci,</span> <span class='ocrx_word' id='word_1_223' title='bbox 1124 2869 1154 2912; x_wconf 87' lang='lat' dir='ltr'>se</span> <span class='ocrx_word' id='word_1_224' title='bbox 1262 2841 1265 2848; x_wconf 73' lang='grc'><strong>’</strong></span> 
     </span>
    </p>
   </div>
   <div class='ocr_carea' id='block_1_5' title="bbox 83 2941 1253 4288">
    <p class='ocr_par' dir='ltr' id='par_1_8' title="bbox 83 2941 1160 3894">
     <span class='ocr_line' id='line_1_25' title="bbox 83 2941 1155 3024; baseline 0.001 -17"><span class='ocrx_word' id='word_1_225' title='bbox 83 2961 142 3007; x_wconf 87' lang='lat' dir='ltr'>esse</span> <span class='ocrx_word' id='word_1_226' title='bbox 153 2943 293 3008; x_wconf 85' lang='lat' dir='ltr'>hominem</span> <span class='ocrx_word' id='word_1_227' title='bbox 307 2942 400 3024; x_wconf 66' lang='grc' dir='ltr'><strong>Ιίςὶιιω</strong></span> <span class='ocrx_word' id='word_1_228' title='bbox 415 2941 607 3008; x_wconf 82' lang='lat' dir='ltr'>dictodominc</span> <span class='ocrx_word' id='word_1_229' title='bbox 620 2943 788 3008; x_wconf 80' lang='lat' dir='ltr'>etheredum</span> <span class='ocrx_word' id='word_1_230' title='bbox 799 2957 827 3006; x_wconf 91' lang='lat' dir='ltr'>et</span> <span class='ocrx_word' id='word_1_231' title='bbox 838 2963 1030 3012; x_wconf 86' lang='lat' dir='ltr'>successorum</span> <span class='ocrx_word' id='word_1_232' title='bbox 1043 2965 1155 3008; x_wconf 88' lang='lat' dir='ltr'>suorum</span> 
     </span>
     <span class='ocr_line' id='line_1_26' title="bbox 84 3040 1157 3124; baseline 0.004 -21"><span class='ocrx_word' id='word_1_233' title='bbox 84 3055 110 3103; x_wconf 87' lang='lat' dir='ltr'>et</span> <span class='ocrx_word' id='word_1_234' title='bbox 121 3059 152 3104; x_wconf 85' lang='lat' dir='ltr'>se</span> <span class='ocrx_word' id='word_1_235' title='bbox 162 3054 260 3104; x_wconf 84' lang='lat' dir='ltr'>tenere</span> <span class='ocrx_word' id='word_1_236' title='bbox 273 3054 302 3104; x_wconf 87' lang='lat' dir='ltr'>et</span> <span class='ocrx_word' id='word_1_237' title='bbox 313 3053 410 3104; x_wconf 88' lang='lat' dir='ltr'>tenere</span> <span class='ocrx_word' id='word_1_238' title='bbox 422 3040 494 3104; x_wconf 88' lang='lat' dir='ltr'>velle</span> <span class='ocrx_word' id='word_1_239' title='bbox 509 3041 544 3103; x_wconf 90' lang='lat' dir='ltr'>de</span> <span class='ocrx_word' id='word_1_240' title='bbox 559 3040 644 3104; x_wconf 82' lang='lat' dir='ltr'>leudo</span> <span class='ocrx_word' id='word_1_241' title='bbox 666 3061 715 3104; x_wconf 88' lang='lat' dir='ltr'>seu</span> <span class='ocrx_word' id='word_1_242' title='bbox 730 3041 853 3105; x_wconf 90' lang='lat' dir='ltr'>dominio</span> <span class='ocrx_word' id='word_1_243' title='bbox 867 3043 940 3106; x_wconf 90' lang='lat' dir='ltr'>dicte</span> <span class='ocrx_word' id='word_1_244' title='bbox 958 3043 1071 3106; x_wconf 87' lang='lat' dir='ltr'>domine</span> <span class='ocrx_word' id='word_1_245' title='bbox 1085 3042 1157 3124; x_wconf 90' lang='lat' dir='ltr'>quit·</span> 
     </span>
     <span class='ocr_line' id='line_1_27' title="bbox 84 3136 1156 3220; baseline 0.003 -21"><span class='ocrx_word' id='word_1_246' title='bbox 84 3137 147 3220; x_wconf 90' lang='lat' dir='ltr'>quid</span> <span class='ocrx_word' id='word_1_247' title='bbox 159 3138 220 3218; x_wconf 89' lang='lat' dir='ltr'>ipse</span> <span class='ocrx_word' id='word_1_248' title='bbox 230 3136 414 3218; x_wconf 89' lang='lat' dir='ltr'>possidetper</span> <span class='ocrx_word' id='word_1_249' title='bbox 429 3156 460 3199; x_wconf 88' lang='lat' dir='ltr'>se</span> <span class='ocrx_word' id='word_1_250' title='bbox 477 3136 522 3199; x_wconf 90' lang='lat' dir='ltr'>vel</span> <span class='ocrx_word' id='word_1_251' title='bbox 546 3155 595 3218; x_wconf 87' lang='lat' dir='ltr'>per</span> <span class='ocrx_word' id='word_1_252' title='bbox 611 3136 694 3200; x_wconf 87' lang='lat' dir='ltr'>aliurn</span> <span class='ocrx_word' id='word_1_253' title='bbox 721 3138 749 3202; x_wconf 90' lang='lat' dir='ltr'>in</span> <span class='ocrx_word' id='word_1_254' title='bbox 763 3151 838 3202; x_wconf 89' lang='lat' dir='ltr'>terra</span> <span class='ocrx_word' id='word_1_255' title='bbox 862 3159 911 3202; x_wconf 88' lang='lat' dir='ltr'>scu</span> <span class='ocrx_word' id='word_1_256' title='bbox 926 3139 996 3202; x_wconf 84' lang='lat' dir='ltr'>infra</span> <span class='ocrx_word' id='word_1_257' title='bbox 1012 3139 1156 3202; x_wconf 85' lang='lat' dir='ltr'>baroniam</span> 
     </span>
     <span class='ocr_line' id='line_1_28' title="bbox 86 3233 1159 3317; baseline 0.002 -21"><span class='ocrx_word' id='word_1_258' title='bbox 86 3233 244 3316; x_wconf 78' lang='lat' dir='ltr'>Fucigniaci</span> <span class='ocrx_word' id='word_1_259' title='bbox 257 3247 372 3298; x_wconf 81' lang='lat' dir='ltr'>amanto</span> <span class='ocrx_word' id='word_1_260' title='bbox 397 3233 432 3297; x_wconf 90' lang='lat' dir='ltr'>de</span> <span class='ocrx_word' id='word_1_261' title='bbox 445 3235 470 3298; x_wconf 88' lang='lat' dir='ltr'>la</span> <span class='ocrx_word' id='word_1_262' title='bbox 483 3234 629 3317; x_wconf 83' lang='lat' dir='ltr'>chanyosa</span> <span class='ocrx_word' id='word_1_263' title='bbox 643 3255 732 3317; x_wconf 91' lang='lat' dir='ltr'>usque</span> <span class='ocrx_word' id='word_1_264' title='bbox 745 3234 781 3298; x_wconf 84' lang='lat' dir='ltr'>ad</span> <span class='ocrx_word' id='word_1_265' title='bbox 793 3239 906 3299; x_wconf 85' lang='lat' dir='ltr'>nantum</span> <span class='ocrx_word' id='word_1_266' title='bbox 921 3236 957 3300; x_wconf 92' lang='lat' dir='ltr'>de</span> <span class='ocrx_word' id='word_1_267' title='bbox 972 3236 1080 3300; x_wconf 80' lang='lat' dir='ltr'>Flevum</span> <span class='ocrx_word' id='word_1_268' title='bbox 1095 3255 1159 3298; x_wconf 89' lang='lat' dir='ltr'>ver·</span> 
     </span>
     <span class='ocr_line' id='line_1_29' title="bbox 86 3331 1157 3416; baseline 0.007 -26"><span class='ocrx_word' id='word_1_269' title='bbox 86 3347 131 3392; x_wconf 92' lang='lat' dir='ltr'>sus</span> <span class='ocrx_word' id='word_1_270' title='bbox 145 3331 295 3394; x_wconf 80' lang='lat' dir='ltr'>Flumenc:</span> <span class='ocrx_word' id='word_1_271' title='bbox 310 3351 362 3413; x_wconf 92' lang='lat' dir='ltr'>pro</span> <span class='ocrx_word' id='word_1_272' title='bbox 373 3351 427 3414; x_wconf 88' lang='lat' dir='ltr'>qua</span> <span class='ocrx_word' id='word_1_273' title='bbox 436 3331 548 3414; x_wconf 88' lang='lat' dir='ltr'>quidem</span> <span class='ocrx_word' id='word_1_274' title='bbox 565 3331 752 3410; x_wconf 82' lang='lat' dir='ltr'>confessione,</span> <span class='ocrx_word' id='word_1_275' title='bbox 774 3333 969 3414; x_wconf 86' lang='lat' dir='ltr'>recognicione</span> <span class='ocrx_word' id='word_1_276' title='bbox 986 3347 1014 3396; x_wconf 89' lang='lat' dir='ltr'>et</span> <span class='ocrx_word' id='word_1_277' title='bbox 1027 3332 1157 3416; x_wconf 86' lang='lat' dir='ltr'>homagio</span> 
     </span>
     <span class='ocr_line' id='line_1_30' title="bbox 87 3425 1157 3511; baseline 0.007 -24"><span class='ocrx_word' id='word_1_278' title='bbox 87 3425 151 3490; x_wconf 90' lang='lat' dir='ltr'>dict.</span> <span class='ocrx_word' id='word_1_279' title='bbox 169 3427 306 3491; x_wconf 79' lang='lat' dir='ltr'>hienricus</span> <span class='ocrx_word' id='word_1_280' title='bbox 321 3428 466 3492; x_wconf 84' lang='lat' dir='ltr'>confessus</span> <span class='ocrx_word' id='word_1_281' title='bbox 478 3428 529 3490; x_wconf 88' lang='lat' dir='ltr'>luit</span> <span class='ocrx_word' id='word_1_282' title='bbox 542 3442 570 3492; x_wconf 88' lang='lat' dir='ltr'>et</span> <span class='ocrx_word' id='word_1_283' title='bbox 583 3429 748 3510; x_wconf 87' lang='lat' dir='ltr'>recognovit</span> <span class='ocrx_word' id='word_1_284' title='bbox 761 3449 791 3492; x_wconf 91' lang='lat' dir='ltr'>se</span> <span class='ocrx_word' id='word_1_285' title='bbox 805 3429 934 3492; x_wconf 84' lang='lat' dir='ltr'>habuisse</span> <span class='ocrx_word' id='word_1_286' title='bbox 949 3443 978 3494; x_wconf 90' lang='lat' dir='ltr'>et</span> <span class='ocrx_word' id='word_1_287' title='bbox 990 3429 1157 3511; x_wconf 73' lang='lat' dir='ltr'>recepisses</span> 
     </span>
     <span class='ocr_line' id='line_1_31' title="bbox 88 3515 1159 3608; baseline 0.004 -22"><span class='ocrx_word' id='word_1_288' title='bbox 88 3523 158 3586; x_wconf 87' lang='lat' dir='ltr'>dicta</span> <span class='ocrx_word' id='word_1_289' title='bbox 171 3524 284 3588; x_wconf 90' lang='lat' dir='ltr'>domina</span> <span class='ocrx_word' id='word_1_290' title='bbox 298 3541 316 3586; x_wconf 84' lang='lat' dir='ltr'>x</span> <span class='ocrx_word' id='word_1_291' title='bbox 329 3523 413 3588; x_wconf 88' lang='lat' dir='ltr'>libras</span> <span class='ocrx_word' id='word_1_292' title='bbox 430 3524 593 3588; x_wconf 87' lang='lat' dir='ltr'>Gebennen.</span> <span class='ocrx_word' id='word_1_293' title='bbox 611 3543 719 3588; x_wconf 52' lang='lat' dir='ltr'>‘census</span> <span class='ocrx_word' id='word_1_294' title='bbox 733 3545 783 3588; x_wconf 90' lang='lat' dir='ltr'>seu</span> <span class='ocrx_word' id='word_1_295' title='bbox 811 3525 898 3590; x_wconf 85' lang='lat' dir='ltr'>eciam</span> <span class='ocrx_word' id='word_1_296' title='bbox 919 3515 1062 3603; x_wconf 82' lang='lat' dir='ltr'>annuales,</span> <span class='ocrx_word' id='word_1_297' title='bbox 1089 3546 1159 3608; x_wconf 87' lang='lat' dir='ltr'>pro-</span> 
     </span>
     <span class='ocr_line' id='line_1_32' title="bbox 88 3620 1158 3705; baseline 0.002 -23"><span class='ocrx_word' id='word_1_298' title='bbox 88 3620 224 3684; x_wconf 78' lang='lat' dir='ltr'>mittendo</span> <span class='ocrx_word' id='word_1_299' title='bbox 233 3621 325 3685; x_wconf 89' lang='lat' dir='ltr'>dictus</span> <span class='ocrx_word' id='word_1_300' title='bbox 339 3628 375 3684; x_wconf 83' lang='lat' dir='ltr'>ii.</span> <span class='ocrx_word' id='word_1_301' title='bbox 400 3621 452 3684; x_wconf 89' lang='lat' dir='ltr'>sub</span> <span class='ocrx_word' id='word_1_302' title='bbox 467 3620 641 3704; x_wconf 85' lang='lat' dir='ltr'>obligacione</span> <span class='ocrx_word' id='word_1_303' title='bbox 664 3622 785 3685; x_wconf 88' lang='lat' dir='ltr'>omnium</span> <span class='ocrx_word' id='word_1_304' title='bbox 799 3622 936 3685; x_wconf 86' lang='lat' dir='ltr'>bonorum</span> <span class='ocrx_word' id='word_1_305' title='bbox 963 3642 994 3685; x_wconf 92' lang='lat' dir='ltr'>se</span> <span class='ocrx_word' id='word_1_306' title='bbox 1017 3641 1158 3705; x_wconf 88' lang='lat' dir='ltr'>nunquam</span> 
     </span>
     <span class='ocr_line' id='line_1_33' title="bbox 87 3718 1160 3803; baseline 0.004 -25"><span class='ocrx_word' id='word_1_307' title='bbox 87 3731 182 3781; x_wconf 84' lang='lat' dir='ltr'>contra</span> <span class='ocrx_word' id='word_1_308' title='bbox 197 3718 316 3800; x_wconf 86' lang='lat' dir='ltr'>predict.</span> <span class='ocrx_word' id='word_1_309' title='bbox 333 3720 534 3784; x_wconf 78' lang='lat' dir='ltr'>confessionem</span> <span class='ocrx_word' id='word_1_310' title='bbox 554 3740 605 3803; x_wconf 87' lang='lat' dir='ltr'>per</span> <span class='ocrx_word' id='word_1_311' title='bbox 627 3740 658 3784; x_wconf 89' lang='lat' dir='ltr'>se</span> <span class='ocrx_word' id='word_1_312' title='bbox 672 3721 717 3786; x_wconf 87' lang='lat' dir='ltr'>vel</span> <span class='ocrx_word' id='word_1_313' title='bbox 733 3739 783 3802; x_wconf 88' lang='lat' dir='ltr'>per</span> <span class='ocrx_word' id='word_1_314' title='bbox 798 3719 882 3789; x_wconf 83' lang='lat' dir='ltr'>alum</span> <span class='ocrx_word' id='word_1_315' title='bbox 902 3719 998 3786; x_wconf 88' lang='lat' dir='ltr'>venire</span> <span class='ocrx_word' id='word_1_316' title='bbox 1019 3737 1072 3784; x_wconf 87' lang='lat' dir='ltr'>nec</span> <span class='ocrx_word' id='word_1_317' title='bbox 1088 3737 1160 3790; x_wconf 82' lang='lat' dir='ltr'>ocn-</span> 
     </span>
     <span class='ocr_line' id='line_1_34' title="bbox 89 3815 270 3894; baseline 0.011 -18"><span class='ocrx_word' id='word_1_318' title='bbox 89 3815 198 3894; x_wconf 87' lang='lat' dir='ltr'>sentire,</span> <span class='ocrx_word' id='word_1_319' title='bbox 214 3829 270 3878; x_wconf 88' lang='lat' dir='ltr'>etc.</span> 
     </span>
    </p>

    <p class='ocr_par' dir='ltr' id='par_1_9' title="bbox 91 3910 1253 4288">
     <span class='ocr_line' id='line_1_35' title="bbox 133 3910 1161 3995; baseline 0.008 -23"><span class='ocrx_word' id='word_1_320' title='bbox 133 3912 213 3994; x_wconf 85' lang='lat'>1569.</span> <span class='ocrx_word' id='word_1_321' title='bbox 229 3919 310 3989; x_wconf 87' lang='lat' dir='ltr'>item,</span> <span class='ocrx_word' id='word_1_322' title='bbox 326 3910 413 3994; x_wconf 90' lang='lat' dir='ltr'>quod.</span> <span class='ocrx_word' id='word_1_323' title='bbox 428 3911 466 3976; x_wconf 89' lang='lat' dir='ltr'>al.</span> <span class='ocrx_word' id='word_1_324' title='bbox 491 3912 570 3993; x_wconf 93' lang='lat' dir='ltr'>publ.</span> <span class='ocrx_word' id='word_1_325' title='bbox 585 3912 797 3979; x_wconf 86' lang='lat' dir='ltr'>instrumentum</span> <span class='ocrx_word' id='word_1_326' title='bbox 814 3912 946 3995; x_wconf 85' lang='lat' dir='ltr'>scriptum</span> <span class='ocrx_word' id='word_1_327' title='bbox 973 3932 1057 3978; x_wconf 85' lang='lat' dir='ltr'>manu</span> <span class='ocrx_word' id='word_1_328' title='bbox 1085 3916 1161 3980; x_wconf 86' lang='lat' dir='ltr'>Petri</span> 
     </span>
     <span class='ocr_line' id='line_1_36' title="bbox 91 4007 1159 4090; baseline 0.007 -22"><span class='ocrx_word' id='word_1_329' title='bbox 91 4007 126 4069; x_wconf 88' lang='lat' dir='ltr'>de</span> <span class='ocrx_word' id='word_1_330' title='bbox 139 4008 231 4072; x_wconf 85' lang='lat' dir='ltr'>Platea</span> <span class='ocrx_word' id='word_1_331' title='bbox 246 4009 283 4072; x_wconf 91' lang='lat' dir='ltr'>de</span> <span class='ocrx_word' id='word_1_332' title='bbox 309 4013 402 4070; x_wconf 87' lang='lat' dir='ltr'>Corvo</span> <span class='ocrx_word' id='word_1_333' title='bbox 414 4009 513 4072; x_wconf 81' lang='lat' dir='ltr'>nomrii</span> <span class='ocrx_word' id='word_1_334' title='bbox 526 4009 603 4090; x_wconf 87' lang='lat' dir='ltr'>publ.</span> <span class='ocrx_word' id='word_1_335' title='bbox 617 4010 669 4074; x_wconf 89' lang='lat' dir='ltr'>sub</span> <span class='ocrx_word' id='word_1_336' title='bbox 695 4030 768 4082; x_wconf 77' lang='lat' dir='ltr'>anno</span> <span class='ocrx_word' id='word_1_337' title='bbox 783 4011 835 4074; x_wconf 80' lang='lat' dir='ltr'>oni</span> <span class='ocrx_word' id='word_1_338' title='bbox 849 4018 1159 4088; x_wconf 77' lang='lat' dir='ltr'>nl⁰cc⁰txxx.vl110,</span> 
     </span>
     <span class='ocr_line' id='line_1_37' title="bbox 91 4103 1253 4192; baseline 0.008 -26"><span class='ocrx_word' id='word_1_339' title='bbox 91 4103 172 4166; x_wconf 89' lang='lat' dir='ltr'>indic.</span> <span class='ocrx_word' id='word_1_340' title='bbox 190 4117 221 4184; x_wconf 69' lang='grc' dir='ltr'>ι’,</span> <span class='ocrx_word' id='word_1_341' title='bbox 236 4117 299 4167; x_wconf 76' lang='lat' dir='ltr'>xvr²</span> <span class='ocrx_word' id='word_1_342' title='bbox 314 4104 428 4168; x_wconf 84' lang='lat' dir='ltr'>kalend.</span> <span class='ocrx_word' id='word_1_343' title='bbox 443 4106 578 4180; x_wconf 88' lang='lat' dir='ltr'>octobris,</span> <span class='ocrx_word' id='word_1_344' title='bbox 594 4106 740 4172; x_wconf 87' lang='lat' dir='ltr'>continens</span> <span class='ocrx_word' id='word_1_345' title='bbox 752 4107 926 4191; x_wconf 83' lang='lat' dir='ltr'>quodhymo</span> <span class='ocrx_word' id='word_1_346' title='bbox 942 4107 977 4171; x_wconf 90' lang='lat' dir='ltr'>de</span> <span class='ocrx_word' id='word_1_347' title='bbox 994 4109 1161 4192; x_wconf 87' lang='lat' dir='ltr'>Greyssiaco</span> <span class='ocrx_word' id='word_1_348' title='bbox 1244 4129 1253 4146; x_wconf 60' lang='lat'><em>³</em></span> 
     </span>
     <span class='ocr_line' id='line_1_38' title="bbox 93 4200 1161 4288; baseline 0.009 -26"><span class='ocrx_word' id='word_1_349' title='bbox 93 4200 205 4280; x_wconf 84' lang='lat' dir='ltr'>prestitit</span> <span class='ocrx_word' id='word_1_350' title='bbox 216 4201 378 4268; x_wconf 82' lang='lat' dir='ltr'>fidelitatem</span> <span class='ocrx_word' id='word_1_351' title='bbox 390 4215 419 4266; x_wconf 88' lang='lat' dir='ltr'>et</span> <span class='ocrx_word' id='word_1_352' title='bbox 431 4201 589 4286; x_wconf 90' lang='lat' dir='ltr'>homagium</span> <span class='ocrx_word' id='word_1_353' title='bbox 603 4203 697 4288; x_wconf 88' lang='lat' dir='ltr'>ligium</span> <span class='ocrx_word' id='word_1_354' title='bbox 709 4204 746 4267; x_wconf 84' lang='lat' dir='ltr'>ill&#39;</span> <span class='ocrx_word' id='word_1_355' title='bbox 758 4203 834 4274; x_wconf 77' lang='lat' dir='ltr'>dum.</span> <span class='ocrx_word' id='word_1_356' title='bbox 849 4204 997 4288; x_wconf 85' lang='lat' dir='ltr'>B(eatrici)</span> <span class='ocrx_word' id='word_1_357' title='bbox 1010 4205 1116 4274; x_wconf 85' lang='lat' dir='ltr'>vienne</span> <span class='ocrx_word' id='word_1_358' title='bbox 1132 4218 1161 4272; x_wconf 89' lang='lat' dir='ltr'>et</span> 
     </span>
    </p>
   </div>
   <div class='ocr_carea' id='block_1_6' title="bbox 0 0 1444 4900">
    <p class='ocr_par' dir='ltr' id='par_1_10' title="bbox 0 0 1444 4900">
     <span class='ocr_line' id='line_1_39' title="bbox 0 0 1444 4900; baseline 0 0"><span class='ocrx_word' id='word_1_359' title='bbox 0 0 1444 4900; x_wconf 95' lang='lat' dir='ltr'> </span> 
     </span>
    </p>
   </div>
  </div>
 </body>
</html>
