2844 4900
733 467 773 479 -
797 431 909 512 ¹5⁶-

282 567 411 644 Ysoardi,
425 565 509 628 filium
526 563 665 627 Guillelmi
680 563 814 626 Arthaudi
835 562 939 626 domini
964 562 999 625 de
1022 563 1121 645 nyssio
1148 575 1176 624 et
1197 539 1232 624 de
1255 568 1340 624 Gressa

280 665 411 741 condam,
427 663 504 725 dom⁰
518 662 650 744 dalphino
664 675 692 724 et
706 661 872 743 recognovit
881 674 977 723 tenere
986 659 1028 722 ‚ab
1040 679 1075 722 eo
1088 672 1181 722 castra
1194 658 1229 720 de
1243 665 1339 736 Gressa,

281 759 317 823 de
335 759 478 836 Tochana,
491 759 604 822 domum
630 759 720 822 Castri
734 759 880 838 Bernardi,
907 779 990 821 unam
1007 758 1042 820 de
1068 757 1198 819 domibus
1219 756 1340 832 Miribelli,

282 856 458 944 medietatem
473 875 569 919 eorum
580 876 634 939 que
648 856 770 919 habebat
792 857 821 919 in
835 869 927 920 castro
947 856 982 919 de
1010 855 1163 937 Esparione
1182 860 1210 916 e't
1221 853 1248 915 in
1262 871 1343 934 parro

281 952 350 1016 chiis
366 953 402 1015 de
416 953 549 1036 Claylliis,
571 954 607 1016 de
621 961 722 1017 Sancto
739 952 859 1016 Martino
873 966 902 1016 et
924 951 1054 1035 quiequid
1068 964 1146 1014 tenet
1172 949 1210 1012 ab
1234 969 1266 1012 eo
1280 957 1344 1032 Rey-

281 1050 390 1112 naudus
409 1051 569 1132 Berengarii
592 1065 620 1114 et
647 1051 784 1114 Galterius
809 1051 845 1114 de
874 1058 1056 1134 Meyssennas
1079 1062 1106 1112 et
1129 1047 1258 1130 quicquid
1281 1061 1344 1110 tenet

284 1155 367 1229 Hugo
381 1147 417 1210 de
432 1148 516 1230 Aquis
532 1148 617 1212 frater
624 1168 691 1212 suus
700 1148 735 1211 ab
746 1149 846 1212 eodem
857 1149 931 1232 apud
945 1155 1093 1212 Brusetum
1104 1161 1133 1211 et
1146 1147 1344 1230 quicquidtenet

281 1242 356 1324 apud
373 1243 537 1308 Altaretum.
903 1234 912 1244 ⁵

323 1338 391 1420 890.
408 1348 487 1418 item,
504 1344 590 1424 quod.
606 1343 684 1425 publ.
701 1343 913 1407 instrumentum
935 1342 1067 1424 scriptum
1083 1332 1167 1407 manu
1193 1342 1266 1406 Petri
1279 1341 1345 1404 Guil-

282 1435 354 1498 lelmi
372 1438 472 1500 notarii
482 1440 534 1502 sub
548 1459 622 1502 anno
636 1440 690 1502 Diti
706 1447 932 1516 M⁰CC⁰XLVll⁰,
951 1440 1013 1502 idus
1024 1440 1202 1521 septembris,
1218 1440 1344 1502 continens

283 1534 358 1616 quod
371 1534 419 1596 ill¹⁸
429 1535 559 1618 princeps
572 1537 649 1599 dom.
662 1537 753 1620 Guigo
777 1537 924 1618 dalphinus
953 1537 1117 1600 Viennensis
1139 1536 1252 1600 tradidit
1274 1543 1347 1598 Petro

283 1632 406 1715 Aynardi
420 1633 532 1696 nomine
546 1634 758 1715 permutationis
774 1634 888 1697 domum
914 1653 993 1696 suam
1018 1633 1054 1696 de
1085 1633 1196 1696 Savello
1223 1653 1282 1695 oum
1295 1645 1344 1694 toto

281 1743 442 1793 tenemento
457 1729 592 1809 ejusdem,
611 1713 726 1813 usagiis,
742 1731 901 1794 bominibus
921 1744 950 1793 et
965 1730 1024 1793 aliis
1051 1730 1168 1811 juribus,
1185 1731 1249 1794 item
1263 1748 1345 1792 omnes

282 1845 383 1890 census
394 1841 424 1890 et
433 1827 533 1908 placita
547 1828 636 1891 mansi
652 1828 687 1890 de
698 1828 830 1911 Cloyose,
848 1840 964 1908 excepta
983 1847 1039 1890 una
1051 1841 1158 1891 somata
1169 1827 1236 1905 vini,
1252 1841 1278 1889 et
1288 1826 1343 1888 dict.

285 1930 385 1987 Petrus
402 1924 524 2008 Aynardi
537 1924 651 1987 tradidit
666 1925 755 1987 eidem
766 1945 802 1988 ex
815 1943 899 1987 causa
914 1924 1038 2005 predicta
1053 1924 1185 2006 quiequid
1197 1924 1309 1986 habebat
1322 1923 1345 1985 in

284 2023 418 2084 castro'et
431 2021 626 2084 mandamento
642 2021 677 2084 de
693 2021 815 2105 Theysio
828 2035 857 2084 et
868 2020 1035 2103 generaliter
1047 2021 1140 2083 omnia
1161 2041 1216 2103 que
1242 2019 1346 2084 habebat

286 2139 302 2182 a
316 2119 399 2182 Geria
414 2139 502 2202 usque
515 2119 683 2182 Alavardum
700 2133 784 2201 prout
793 2140 865 2217 aqua
874 2133 902 2182 et
916 2139 1019 2201 ruppes
1031 2118 1184 2183 includunt.

325 2218 393 2299 891.
410 2224 489 2293 ltem,
517 2217 603 2299 quod.
622 2217 700 2299 publ.
726 2217 939 2306 instrumentum
965 2210 1098 2299 scriptum
1123 2215 1209 2280 ¹manu
1233 2215 1348 2280 lobannis

285 2315 398 2392 notarii,
424 2315 476 2377 sub
497 2334 571 2377 anno
585 2316 639 2377 Dr‘ri
657 2321 876 2391 moenitum,
903 2313 948 2375 die
963 2313 1101 2376 dominica
1127 2313 1247 2377 intrante
1267 2332 1347 2376 mense

285 2413 390 2494 aprilis,
404 2411 550 2474 continens
564 2412 640 2494 quod
655 2412 815 2475 Bemardos
830 2411 919 2495 Payni
945 2410 981 2473 de
1005 2410 1119 2473 Biviaco
1133 2430 1185 2492 pro
1207 2431 1237 2474 se
1257 2425 1283 2474 et
1301 2408 1347 2472 suis

284 2509 350 2572 fecit
363 2509 523 2573 fidelitatem
540 2522 568 2571 et
582 2509 740 2591 homagium
755 2509 876 2572 Sadonio
890 2497 995 2585 Abruc,
1011 2507 1068 2570 filio
1086 2508 1160 2571 dom'
1172 2509 1248 2571 Petri
1259 2515 1346 2580 Auruc,

286 2606 429 2692 recipienti
439 2607 551 2669 nomine
562 2606 628 2670 dicti
640 2608 717 2669 dom.
729 2608 816 2685 Petri,
827 2607 905 2669 salvo
918 2625 974 2667 uno
982 2604 1107 2676 domino,
1117 2619 1144 2670 et
1154 2606 1231 2669 dedit
1237 2607 1346 2668 eidem..

288 2723 306 2766 u
329 2703 410 2766 solid.
425 2723 526 2769 census
541 2725 625 2787 super
639 2704 767 2767 omnibus
790 2704 872 2767 bonis
894 2703 951 2767 suis
966 2723 1020 2786 que
1031 2703 1147 2768 tenebat
1161 2717 1189 2768 et
1207 2701 1349 2786 possidebat

184 2833 185 2837 =
285 2801 314 2864 in
328 2801 525 2872 mandamento
542 2802 645 2865 Montis
662 2801 783 2864 Bonodi.

327 2899 396 2980 892.
435 2905 514 2976 ltem,
537 2899 623 2982 quod.
652 2898 729 2981 publ.
760 2899 981 2963 instrumentum·
1015 2899 1147 2982 scriptum
1177 2921 1259 2963 manu
1286 2907 1346 2978 Hug.

287 2995 444 3059 chabruetli
454 2996 554 3059 notarii
564 2996 642 3078 publ.
659 2997 710 3058 sub
726 3016 800 3058 anno
817 3003 926 3058 lncam.
944 2999 1153 3070 M0110XC⁰V1⁰,
1166 3007 1230 3058 vru⁰
1251 2993 1346 3058 kalend.

287 3094 421 3173 octobris,
440 3095 586 3158 continens
601 3095 676 3179 quod
687 3095 814 3177 Guigona
829 3095 961 3171 Falcona‚
977 3114 1048 3156 uxor
1063 3093 1139 3156 Petri
1153 3095 1238 3170 Seiat,
1253 3095 1285 3156 de
1297 3111 1349 3154 con-

286 3211 370 3256 sensu
386 3191 451 3255 dicti
466 3192 556 3256 mariti
570 3192 612 3256 sui
627 3191 754 3254 vendidit
767 3191 803 3253 ill¹
817 3190 895 3252 dom⁰
911 3189 1060 3273 B(eatrici)
1076 3190 1188 3253 domine
1207 3186 1348 3270 Fucignacii

288 3308 296 3350 r
311 3290 456 3353 sestarium
468 3286 599 3353 frumenti
615 3303 643 3352 et
664 3288 816 3372 rgallinam
832 3307 932 3350 census
953 3301 982 3350 et
1000 3306 1041 3349 rur
1065 3286 1147 3350 solid.
1176 3286 1212 3348 de
1227 3286 1318 3368 placito
1328 3283 1348 3343 in

287 3388 445 3450 mutacione
464 3387 569 3450 domini
588 3400 616 3448 et
634 3386 814 3467 possessoris,
835 3405 917 3468 quem
936 3404 1049 3447 censum
1067 3384 1187 3446 iaciebat
1208 3383 1349 3446 Guillelmus

288 3483 442 3564 Chabrerii,
459 3484 554 3565 precio
570 3502 611 3545 rur
626 3483 721 3546 librar.
740 3502 768 3546 xr
785 3483 866 3547 solid.

328 3581 398 3662 893.
428 3587 508 3657 Item,
533 3579 620 3662 quod.
646 3580 724 3662 publ.
756 3580 968 3656 instrumentum
994 3579 1152 3643 confectum
1180 3601 1263 3643 manu
1288 3586 1347 3657 Hug.

289 3676 442 3740 Chabuellii
456 3678 566 3754 notarii,
579 3677 607 3739 in
624 3698 679 3759 quo
694 3697 724 3740 se
736 3678 898 3759 subscripsit
915 3684 1014 3740 Petrus
1022 3678 1057 3740 de
1066 3678 1162 3740 Balma
1172 3679 1300 3753 notarius,
1309 3673 1349 3737 sub

273 3795 363 3862 vanno
380 3775 433 3836 Dr'ti
449 3782 667 3838 M0CC⁰XC⁰V11
688 3794 763 3852 ‚xru
788 3775 902 3838 kalend.
925 3775 1101 3856 septembris,
1121 3777 1265 3838 continens
1288 3769 1349 3854 quod

290 3871 429 3934 Berardus
445 3872 582 3934 Leobardi
603 3872 765 3935 domicellus
793 3873 945 3935 confessus·
964 3871 1016 3935 luit
1042 3892 1072 3935 se
1083 3873 1185 3935 fecisse
1211 3869 1349 3952 homagium

289 3968 385 4050 ligium
399 3967 433 4029 illi
443 3968 502 4030 uiro
517 3970 593 4032 dom.
607 3970 719 4052 ¹Hugoni
736 3970 875 4050 Delphini,
902 3971 1015 4033 domino
1047 3971 1218 4053 Fueignacii,
1249 3989 1294 4052 pro
1309 3963 1350 4026 hiis

289 4086 344 4149 que
357 4078 434 4129 tenet
443 4066 471 4128 in
478 4069 673 4132 mandamento
692 4068 794 4132 Montis
809 4069 918 4132 Bonodi
934 4084 962 4133 et
980 4069 1083 4132 Montis
1100 4071 1201 4146 Fortis,
1220 4083 1248 4132 et
1257 4064 1350 4150 specia-

290 4163 352 4227 liter
368 4182 419 4246 pro
433 4163 517 4227 domo
530 4165 594 4228 lorti
612 4186 694 4248 quam
709 4179 786 4230 tenet
812 4166 886 4249 apud
916 4167 1086 4249 Bregninum
1103 4169 1215 4230 nomine
1240 4160 1350 4228 caterine
