2844 4900
560 435 737 500 -„,-

114 545 180 608 inter
191 547 266 628 ipsos
278 547 308 611 in
320 549 381 631 ipsa
393 550 600 632 composicione
616 551 693 632 quod
719 551 811 615 cum‘ss
833 551 953 632 majores
967 549 1185 636 Grtysivodsni,

114 643 337 725 appellacionum‚
349 661 543 730 computorum
551 649 692 712 etconsilii
704 649 858 714 residentes
868 650 957 732 possit
965 661 1062 714 tenere
1073 649 1102 712 in
1114 648 1187 712 civi-

114 743 363 827 uteorationopol.
379 759 408 810 et
420 747 507 828 possit
515 765 687 829 cognoscere
700 745 737 808 de
754 747 845 810 causis
856 746 984 810 civilibus
995 761 1023 810 et
1038 745 1187 810 criminalis

114 837 160 901 bus
171 838 199 902 iu
213 839 288 904 dicta
310 843 422 906 civitate
436 843 643 926 Gratiunopul.,
656 857 685 906 et
700 842 875 906 incarcerare
887 857 916 907 et
926 845 1006 926 plura
1019 845 1073 908 alia
1085 863 1188 908 encer-

113 953 170 998 cere
184 937 253 1002 utin
275 938 337 1020 ipsa
362 940 569 1022 composicione
591 939 766 1018 continetur;
782 953 810 1004 et
823 940 876 1004 lull
897 955 991 1004 aetum
1006 941 1081 1025 quod
1109 940 1186 1004 cives

113 1033 297 1117 Grationopol.
312 1038 490 1120 nonpossint
503 1038 582 1101 citari
597 1058 681 1119 super
695 1037 884 1102 contractibus
899 1051 927 1102 et
946 1038 1038 1102 deliris
1051 1058 1102 1120 per
1111 1038 1187 1120 ipsos

111 1129 195 1199 inhltis
206 1146 285 1194 extra
308 1133 447 1198 civitatem
461 1148 490 1198 et
506 1133 675 1198 territorium
698 1133 893 1215 Grationopol.
910 1148 998 1215 etpro
1015 1134 1100 1200 rebus
1118 1153 1187 1215 quas

110 1241 198 1291 tenent
209 1242 287 1292 entra
297 1229 436 1295 civitatem
450 1231 515 1294 dicti
525 1231 580 1294 luci
591 1219 642 1294 nisi
652 1250 703 1312 per
711 1230 831 1310 judicem
839 1250 998 1306 comunem,
1007 1231 1187 1296 castellanum

111 1325 319 1388 etconresrium
335 1327 410 1390 dicte
423 1328 539 1407 ciuitati,
565 1341 593 1390 et
615 1340 683 1391 tunc
694 1327 871 1410 requirantur
888 1327 917 1390 in
934 1327 1003 1408 juris
1015 1327 1185 1391 subsidium:

111 1435 185 1500 prout
198 1423 251 1486 bec
264 1437 292 1486 et
309 1424 362 1487 alia
379 1425 487 1507 plenius
511 1425 687 1488 continentur
711 1425 740 1487 in
753 1425 814 1505 ipsa
838 1425 1057 1502 composicione,
1082 1435 1111 1486 et
1137 1421 1189 1484 luit

110 1517 235 1600 scriptum
261 1521 381 1603 predict.
409 1521 529 1586 vidimus
554 1522 600 1585 die
625 1536 668 1585 ιι·
682 1523 784 1586 mensis
800 1523 968 1600 decembris,
994 1520 1080 1585 indic.
1105 1531 1186 1595 nstv,

110 1632 205 1677 annos
221 1616 338 1680 Nativit.
356 1618 410 1680 Diti
434 1625 694 1698 m0cec0xu11110,
717 1618 894 1702 pontificatus
920 1619 986 1682 dicti
1010 1618 1084 1681 dom¹
1099 1617 1187 1681 nostri
1272 1637 1280 1652 ·

110 1730 175 1794 pape
192 1713 343 1776 clementis
362 1735 436 1779 anno
451 1727 496 1778 ιιιο
512 1727 533 1780 ¹.

145 1809 212 1873 866.
231 1818 312 1887 item,
329 1812 416 1894 quod.
432 1813 468 1876 al.
485 1814 698 1881 instrumentum
715 1814 849 1896 scriptum
865 1833 950 1878 manu
971 1812 1048 1876 Petri
1061 1811 1187 1876 Ancclmi

109 1908 202 1970 notarii
216 1909 294 1989 publ.
310 1910 363 1972 sub
376 1930 451 1974 anno
467 1911 521 1974 uni
538 1919 781 1989 tt⁰cc⁰txxv11‚
796 1911 881 1976 indic.
894 1925 937 1989 ν’,
950 1910 1063 1974 vuitus
1073 1929 1189 1973 novent-

109 2003 172 2080 bris,
189 2006 334 2070 continens
347 2008 422 2090 quod
436 2017 520 2092 Hugo
537 2010 704 2093 Reymondi,
720 2009 793 2074 filius
807 2010 927 2072 condam
941 2009 1016 2072 Petri
1025 2007 1185 2090 Raynuudi,

109 2103 228 2168 vendidit
241 2118 269 2168 et
281 2105 362 2168 titulo
371 2107 544 2170 vendicionis
551 2107 776 2170 concessitdom⁰
786 2114 872 2170 Petro
880 2104 993 2168 Aurucii
1001 2103 1090 2181 militi,
1099 2103 1184 2166 videl.

109 2202 250 2265 xsestaria
273 2203 404 2266 frumenti
427 2217 456 2266 et
484 2223 534 2267 vru
548 2204 665 2286 gallinas
679 2223 791 2283 census,
816 2204 852 2268 de
875 2204 977 2287 quibus
1004 2202 1089 2264 debet
1105 2208 1187 2283 Hugo

109 2298 216 2360 Jordani
230 2299 266 2363 de
280 2301 409 2385 Cleymcs
423 2320 464 2362 1111
478 2315 577 2364 sestar.
595 2315 623 2364 et
635 2320 676 2364 uu
696 2301 792 2384 gallin.
807 2320 860 2384 pro
874 2321 893 2364 rr
908 2299 1060 2364 sestariatis
1073 2312 1149 2362 terre
1158 2298 1188 2360 in

110 2395 181 2458 dicto
192 2396 281 2460 instrl’
295 2397 453 2475 continetis,
466 2412 495 2462 et
512 2398 597 2480 qued.
613 2399 704 2462 alia...

146 2491 212 2570 867.
225 2500 306 2570 item,
322 2494 397 2576 quod
425 2496 463 2568 al.
479 2496 692 2560 instrumentum
707 2490 785 2578 publ.
804 2496 937 2578 scriptum
956 2514 1039 2560 manu
1054 2493 1187 2556 lobannis

110 2587 142 2651 de
155 2592 518 2676 Barroducisnotariipubl.
532 2594 584 2658 sub
599 2614 673 2658 anno
694 2595 748 2656 Diri
773 2601 1002 2670 M⁰CC⁰LXXV⁰,
1025 2591 1110 2656 indic.
1130 2606 1185 2667 111²,

111 2705 152 2748 ιιο
176 2708 263 2754 nonas
288 2691 364 2766 maii,
390 2692 537 2754 continens
563 2692 640 2775 quod
658 2691 813 2773 Domengia
844 2691 980 2753 Rollande
1016 2690 1052 2752 de
1083 2697 1186 2754 Sancto
1246 2734 1251 2745 .

113 2786 225 2849 ldomtio
255 2788 382 2851 vendidit
405 2789 483 2852 dom⁰
503 2797 588 2854 Petro
613 2789 726 2853 Aurucii
745 2788 781 2851 de
810 2795 905 2852 Monte
921 2788 1040 2851 Bonodo
1054 2807 1072 2850 x
1088 2801 1117 2850 et
1133 2806 1185 2849 utu

112 2882 202 2948 denar.
217 2886 354 2950 Viennen.
373 2904 474 2950 census
500 2901 528 2951 et
544 2906 573 2950 vr
591 2887 673 2951 solid.
697 2887 733 2950 de
746 2886 861 2969 placito,
883 2887 974 2972 pretio
993 2905 1033 2948 vu
1044 2886 1124 2948 solid.
1139 2886 1180 2967 (l)

112 2980 238 3046 viennen.
254 2996 284 3046 et
292 2985 377 3066 qued.
396 2986 449 3048 alia
462 2985 490 3048 in
505 2985 580 3048 dicto
599 2984 839 3048 instr¹0.contenta
851 2997 880 3046 et
893 2983 1044 3064 descripta.

149 3080 212 3145 868.
243 3089 324 3159 Item,
349 3083 436 3166 quod.
452 3083 489 3148 al.
509 3084 722 3146 instrumentum
751 3082 829 3164 publ.
849 3082 982 3164 scriptum
1009 3099 1092 3142 manu
1121 3079 1184 3141 lob.

115 3177 237 3243 nlanaini
248 3181 348 3244 notarii
361 3182 438 3264 publ.
453 3182 505 3244 sub
519 3201 593 3244 anno
615 3181 895 3255 Dnirr⁰cc0utt110,
914 3177 1011 3241 indict.
1034 3195 1063 3250 v,
1079 3175 1124 3237 die
1136 3193 1186 3238 vur

115 3276 222 3344 intrante
236 3283 357 3358 octobri,
371 3281 518 3344 continens
532 3279 609 3363 quod
626 3287 726 3344 Petrus
738 3279 773 3341 de
795 3285 897 3340 Sancto
921 3274 1034 3338 Ymerio
1061 3273 1188 3338 vendidit

3 3393 4 3400 ¹
117 3373 408 3462 dom⁰l>etrolrurucii
421 3378 510 3456 militi,
541 3378 585 3442 cui
606 3377 741 3441 successit
752 3377 829 3439 dom.
841 3374 999 3457 dalphinus,
1017 3392 1024 3435 ι
1041 3373 1187 3436 sestarium

117 3470 164 3533 vini
177 3474 236 3555 puri
259 3475 335 3556 quod
346 3476 519 3557 percipiebat
537 3495 621 3556 super
642 3493 672 3536 ιιι
693 3474 774 3554 petiis
786 3472 867 3535 vinee
883 3490 952 3552 quas
972 3469 1094 3531 h'abebat
1112 3468 1187 3550 apud

118 3568 267 3633 corbonam
279 3584 308 3633 et
322 3592 376 3654 que
396 3573 425 3634 in
437 3573 512 3635 dicto
527 3572 620 3634 instro
637 3583 702 3633 sunt
727 3567 877 3646 continete,
900 3586 951 3647 pro
976 3565 1076 3647 quibus
1103 3565 1188 3630 rebus

118 3660 180 3726 idem
195 3674 293 3731 Petrus
306 3669 436 3732 venditor
448 3670 592 3744 consessus
605 3669 656 3732 luit
672 3682 700 3732 et
713 3666 878 3749 recognovit
885 3685 915 3730 se
923 3678 1019 3728 tenere
1033 3665 1061 3728 in
1073 3665 1187 3728 seudum

119 3772 142 3821 et
149 3765 252 3830 nomine
265 3768 340 3831 leudi
355 3768 456 3830 adicto
467 3768 543 3830 dom.
561 3774 658 3832 Petro.
676 3803 713 3814 -
728 3765 796 3848 869.
821 3773 902 3842 item,
923 3764 1010 3849 quod.
1025 3764 1062 3828 al.
1079 3764 1187 3828 instru-

120 3875 228 3924 mentum
242 3865 320 3945 publ.
336 3865 364 3927 in
385 3865 482 3928 eadem
498 3866 570 3947 pelle
591 3885 760 3941 connexum,
776 3863 909 3946 scriptum
933 3883 1016 3928 manu
1031 3863 1186 3945 predicti...

132 4109 172 4168 ι.
187 4095 224 4148 lin
246 4113 279 4152 m.
304 4093 418 4169 Qalr'ter
444 4095 512 4154 dom.
544 4095 675 4170 delphinus
703 4094 793 4152 babere
820 4094 893 4151 debet
920 4103 946 4150 et
965 4103 1048 4152 tenere
1063 4092 1145 4150 curias
1164 4090 1187 4148 in

120 4162 412 4240 crvitethraclonopolis.
