2936 4898
572 459 725 540 ..69-

116 605 205 650 canum
220 601 248 652 et
261 589 410 670 capitulum
426 601 521 650 sancte
553 590 716 652 Viennensis
745 588 872 662 ecclesie,
898 608 932 650 en
961 607 1015 650 una
1038 600 1128 668 parte,
1154 601 1181 650 et

116 683 183 746 dom.
215 686 371 766 Guigonem
391 684 532 746 dominum
565 685 721 764 Bellivisus‚
745 705 780 748 en
808 684 906 761 altera,
937 703 1022 766 super
1053 683 1182 747 omnibus

117 781 200 844 causis
215 781 353 863 usquead
369 795 526 862 presentem
541 781 627 845 diem.

95 882 97 888 '
149 897 214 958 35¹·
232 885 300 940 Item
314 891 425 958 reperta
441 891 484 941 est
498 877 582 960 qued.
599 877 689 940 littera
704 877 814 940 duobus
830 876 925 958 sigillis
942 875 1059 958 sigillata
1081 873 1182 955 inpen-

115 974 193 1049 denti,
208 974 312 1055 scripta
329 975 381 1037 sub
409 995 483 1037 anno
508 975 562 1037 Diri
580 981 821 1052 M0CC⁰LXXVI⁰,
836 973 881 1036 die
894 972 1032 1036 dominica
1050 983 1113 1034 ante
1125 971 1183 1032 les-

114 1084 163 1133 tum
177 1072 208 1133 b⁶
222 1073 309 1134 Mario
327 1073 506 1154 Magdelenes
524 1087 543 1149 ¹,
565 1086 691 1136 emanata
704 1093 719 1134 a
734 1072 812 1134 dom⁰
828 1072 976 1134 Francisco
992 1071 1028 1133 de
1042 1077 1180 1144 Bernenc,

113 1165 195 1244 judice
209 1181 277 1230 tunc
291 1167 365 1230 dom¹
376 1168 483 1230 comitis
510 1168 658 1244 sabaudie,
681 1180 709 1230 et
732 1168 813 1230 domo
836 1167 976 1230 anthonio
999 1157 1035 1229 de
1052 1173 1183 1228 Tumone

114 1263 201 1342 milite,
226 1265 348 1346 bayllivo
376 1266 404 1326 in
430 1265 502 1328 dicta
523 1279 598 1328 terra
617 1285 668 1347 pro
696 1265 771 1328 dicto
789 1264 901 1342 comite,
920 1265 1066 1328 continens
1080 1261 1183 1326 limita-

114 1360 195 1423 tiones
207 1361 379 1424 etterminos
392 1362 594 1425 territoriorum
608 1376 637 1425 et
646 1362 852 1443 juridictionum
882 1375 1036 1424 castrorum
1067 1360 1103 1423 de
1116 1367 1184 1440 Sep-

114 1471 182 1520 temo
194 1479 229 1521 ex
244 1479 300 1520 una
313 1474 403 1540 parte,
422 1460 457 1522 de
477 1460 554 1522 Bello
568 1459 669 1524 Videre
692 1479 727 1522 ex
740 1459 826 1522 altera
842 1471 870 1522 et
889 1460 924 1522 de
940 1466 1042 1522 Sancto
1070 1456 1182 1538 leorgio

116 1555 145 1617 de
158 1555 343 1636 Esperenchia
357 1575 391 1618 en
402 1557 499 1632 altera,
528 1555 671 1619 ordinatos
683 1569 711 1618 et
732 1555 887 1618 declaratos
914 1575 964 1637 per
981 1555 1070 1618 dictos
1086 1555 1183 1637 bayli-

116 1672 173 1713 rum
184 1666 211 1715 et
225 1652 346 1732 judicem
357 1653 392 1715 de
406 1672 543 1716 consensu
569 1653 672 1715 domini
692 1653 728 1715 de
743 1652 820 1714 Bello
833 1652 934 1716 Videre
961 1653 997 1715 de
1014 1659 1132 1729 Marc03
1156 1665 1184 1714 et

117 1749 212 1828 primus
224 1749 361 1812 terminus
380 1749 476 1830 incipit
503 1769 519 1812 a
548 1762 633 1831 ponte
651 1755 751 1812 ltveste
768 1760 797 1811 et
813 1749 902 1812 tendit
919 1768 970 1830 per
996 1748 1049 1811 iter
1062 1767 1117 1829 quo
1129 1747 1184 1810 itur

118 1865 205 1907 versus
219 1859 247 1908 et
260 1865 312 1926 per
325 1861 506 1928 anteponam
520 1848 555 1910 de
570 1847 681 1928 Lagier,
700 1861 728 1910 et
744 1867 760 1908 a
774 1860 855 1928 porta
869 1847 905 1908 de
921 1846 1021 1928 Lagier
1044 1864 1094 1926 per
1110 1845 1182 1906 viam

119 1942 148 2004 de
162 1943 257 2026 Playni
272 1962 361 2025 usque
374 1944 426 2006 ala
438 1945 621 2025 charpenade
633 1951 722 2020 Murz,
738 1957 766 2006 et
780 1944 815 2006 de
829 1945 969 2024 charpena
983 1942 1019 2004 de
1042 1948 1121 2002 Murz
1133 1959 1184 2024 per

120 2040 237 2103 combam
252 2041 288 2102 de
303 2041 354 2104 Val
371 2042 480 2125 Freyde
496 2062 584 2125 usque
598 2043 633 2104 ad
648 2062 746 2123 aquam
764 2061 818 2123 que
840 2039 985 2122 vulgaliter
1000 2037 1099 2099 dicitur
1113 2045 1186 2100 Ves-

122 2155 209 2212 sanna,
221 2151 274 2200 eta
289 2138 363 2200 dicta
377 2146 519 2201 Vessanna
530 2152 605 2203 recte
617 2157 704 2220 usque
721 2138 756 2200 ad
772 2137 887 2200 sorbaut
899 2136 934 2198 de
953 2131 1121 2209 Fromental,
1130 2144 1184 2194 eta

123 2233 189 2296 dicto
210 2235 326 2297 sorbaut
352 2255 450 2298 versus
475 2250 583 2318 pratum
611 2236 686 2318 quod
714 2247 791 2298 tenet
803 2241 893 2316 aymo
911 2239 1043 2293 Tormerz
1059 2229 1095 2292 de
1107 2228 1186 2290 dom⁰

122 2331 259 2394 Guillelmo
267 2333 303 2394 de
320 2332 391 2394 Villa
406 2339 498 2410 Nova,
515 2347 568 2397 eta
581 2333 707 2414 predicto
717 2346 797 2414 prato
810 2343 887 2394 recte
899 2347 986 2411 usque
998 2327 1033 2390 ad
1048 2340 1184 2390 cassatam

122 2429 203 2510 stagni
214 2430 334 2492 condam
349 2429 424 2491 dom¹
436 2430 541 2492 alberti
556 2430 591 2492 de
609 2429 721 2492 Bamol’
734 2427 844 2505 militis;
858 2440 886 2490 et
896 2426 1051 2490 continetur
1061 2424 1143 2487 etiam
1157 2423 1185 2485 in

122 2525 187 2588 dicta
207 2527 301 2590 lictera
328 2527 402 2608 quod
420 2527 547 2590 animalia
562 2527 597 2589 de
613 2533 743 2607 Septemo
760 2538 877 2606 possunt
901 2524 1003 2587 intrare
1017 2541 1101 2585 causa
1124 2539 1187 2602 pas·

122 2624 243 2702 querandi
254 2623 422 2686 territorium
436 2625 472 2686 de
493 2623 570 2687 Bello
589 2623 690 2694 Videre
716 2635 745 2686 et
769 2621 896 2684 animalia
919 2620 954 2682 de
981 2618 1058 2681 Bello
1085 2617 1186 2679 Videre

122 2735 227 2799 possunt
238 2721 342 2783 intrare
357 2721 524 2784 territorium
538 2721 573 2784 de
590 2727 732 2802 Septemo,
748 2718 870 2801 qualibet
882 2729 964 2780 nocte
978 2715 1082 2778 debent
1096 2713 1186 2774 redire

125 2816 155 2876 ad
166 2830 233 2880 tecta
245 2838 296 2880 sua
312 2818 371 2879 sive
382 2818 482 2880 cubilia
496 2817 555 2880 sine
568 2818 659 2898 aliqua
674 2815 817 2879 exactione
836 2836 843 2876 ε
873 2827 902 2876 et
917 2814 954 2874 ita
968 2812 1019 2873 luit
1046 2810 1186 2891 cognitum

126 2926 150 2973 et
157 2914 303 2976 ordinatum
317 2933 368 2995 per
381 2914 458 2976 dom.
472 2921 585 2976 Petrum
598 2913 633 2975 de
645 2919 752 2976 Uncteu
763 2924 790 2973 et
800 2911 876 2973 dom.
889 2908 1062 2972 Guillelmum
1073 2905 1187 2968 devilia

127 3014 196 3094 llora
210 3010 319 3086 milites,
338 3023 366 3072 et
377 3010 560 3092 approbatum
577 3029 627 3091 per
643 3009 732 3071 dictos
747 3007 795 3070 dd.
813 3007 932 3087 judicem
958 3018 986 3070 et
998 3003 1148 3088 bayllivum
1160 3014 1188 3063 et

129 3103 252 3169 dominum
267 3108 301 3169 de
316 3106 502 3183 Bellovidere,
516 3120 547 3168 ut
567 3107 596 3168 in
611 3105 685 3167 dicta
697 3105 787 3166 littera
799 3102 966 3166 continetur.

163 3222 220 3284 35²·
249 3213 329 3281 ltem,
360 3205 445 3286 quod.
472 3204 549 3285 publ.
574 3205 786 3266 instrumentum
816 3201 858 3282 (ut
889 3199 968 3279 342),
985 3197 1029 3258 die
1040 3210 1082 3258 111²
1097 3214 1185 3256 mens.

128 3299 237 3380 januarii,
252 3303 399 3366 continens
416 3303 573 3383 homagium
583 3302 678 3384 ligium
693 3301 728 3363 de
739 3319 857 3382 persona
871 3317 922 3380 per
936 3303 1049 3388 Petrum
1079 3293 1185 3355 llorelli

130 3396 158 3459 de
169 3400 269 3464 Albone
283 3400 362 3462 dom⁰
379 3413 474 3462 nostro
491 3400 621 3482 dalphino
636 3413 664 3463 et
679 3398 825 3463 terminum
840 3397 883 3478 (ut
897 3394 947 3474 tlt)
960 3405 989 3455 et
1002 3391 1121 3473 quedam
1134 3390 1187 3451 alia

130 3491 231 3560 indicto
246 3497 432 3560 instrumento
446 3511 587 3560 contenta.

163 3611 221 3672 353.
239 3602 319 3672 ltem,
347 3595 433 3676 quod.
465 3595 501 3658 al.
528 3595 739 3657 instrumentum
767 3594 809 3674 (ut
842 3590 923 3670 348),
954 3585 1098 3650 continens
1114 3585 1189 3667 qnod

130 3689 214 3752 nobilis
229 3699 311 3774 Hugo
335 3691 467 3754 Larderio
479 3691 514 3753 de
531 3691 681 3774 Tuyriaco,
698 3701 862 3771 procurator
878 3699 906 3748 et
922 3682 1114 3765 procuratorio
1135 3701 1191 3744 no-

131 3788 192 3850 mine
205 3791 300 3852 adhec
315 3788 389 3851 domi
409 3788 554 3850 Bertrandi
583 3788 618 3850 de
641 3795 735 3849 Monte
763 3792 896 3866 Meyrano
922 3780 1024 3856 militis,
1047 3779 1191 3841 confessus

131 3882 242 3949 luit...et
259 3886 370 3968 publice
382 3885 546 3968 recognovit
559 3905 589 3946 se
611 3897 706 3946 tenere
730 3895 759 3944 et
790 3895 885 3942 tenere
913 3878 1016 3940 debere
1030 3877 1057 3938 in
1079 3876 1190 3937 feudum

131 3977 239 4044 francum
252 3996 279 4046 et
293 3982 415 4046 nobilea
432 3983 544 4046 domino
569 3994 665 4044 nostro
679 3979 811 4062 delphino
828 3977 919 4040 omnia
935 3975 1063 4038 universa
1084 3985 1112 4034 et
1133 3972 1192 4034 sin·

167 4199 186 4238 1.
200 4187 219 4238 A
233 4185 341 4243 Mand...
