2842 4900
545 457 724 541 -269..

140 575 223 668 1521.
237 593 316 664 item,
330 588 417 670 quod.
433 589 645 654 instrumentum
657 589 813 653 coniectum
827 581 1053 654 man'uiohanuis
1069 589 1173 654 Nicho·

95 682 141 744 leti
152 684 252 746 notarii
268 684 346 767 publ.
375 686 428 748 sub
446 705 521 750 auno
542 688 596 750 Diri
615 692 884 764 M⁰Ccc0xxxlx⁰,
897 687 943 751 die
959 687 1054 752 ultima
1069 690 1173 753 mensis

94 780 168 859 maii,
184 783 332 847 continens
346 784 555 849 extimationem
568 786 652 849 castri
662 786 698 849 de
713 792 874 849 Monteucz.

138 895 222 960 ¹522·
240 886 319 959 item,
335 884 422 965 quod.
435 871 647 948 instmmentum
658 884 847 967 (siptacen),
864 883 909 948 die
924 899 983 950 xrx¹
992 904 1082 952 mens.
1095 887 1171 966 maii,

92 977 238 1042 continens
251 981 375 1045 valorem
393 995 421 1045 et
435 982 640 1045 extimationem
660 982 743 1044 castri
757 983 913 1046 Salanchie.

136 1085 317 1158 1523.lrem,
340 1081 427 1162 quod.
451 1080 664 1144 instrumentum
682 1093 709 1142 ut
719 1081 841 1163 praced,
868 1081 914 1145 die
928 1099 965 1145 xx
986 1101 1075 1146 mens.
1097 1080 1171 1158 maii,

90 1174 238 1240 continens
249 1179 460 1244 extimacionem
477 1181 559 1245 castri
574 1180 678 1244 Montis
692 1179 793 1244 Gaudi.

133 1292 221 1356 ¹524·
238 1283 317 1353 Item,
336 1275 423 1360 quo'd.
440 1279 518 1362 publ.
539 1279 752 1342 instrumentum
771 1277 929 1344 coniectum
945 1299 1029 1344 manu
1059 1281 1175 1345 aneti

89 1371 124 1434 de
139 1379 239 1437 Monte
252 1374 288 1437 de
303 1381 478 1461 Cercennay,
506 1377 558 1441 sub
574 1397 647 1440 anno
664 1375 719 1439 Diri
745 1382 925 1454 M⁰CCC⁰ll⁰,
941 1377 1039 1442 indict.
1055 1393 1116 1458 xvt,
1129 1379 1174 1442 die

89 1485 141 1532 rut
158 1471 296 1552 octobris,
322 1475 468 1538 continens
483 1476 708 1558 recognicionem
725 1473 863 1537 Guillelmi
880 1474 916 1538 de
929 1474 1075 1540 Viscencie
1089 1475 1175 1540 conli-

87 1569 172 1632 tentis
188 1589 219 1632 se
233 1589 295 1634 esse
306 1571 447 1636 hominem
460 1573 556 1654 ligium
570 1573 674 1637 domini
689 1572 849 1654 Fucigniaci
862 1585 891 1635 et
914 1591 945 1636 se
958 1587 1055 1638 tenere
1071 1574 1108 1638 ab
1123 1593 1176 1637 eo-

88 1667 151 1729 dem
165 1667 254 1731 multa
264 1668 339 1732 bona
354 1683 383 1733 et
396 1689 441 1734 res
452 1671 608 1734 nominatas
621 1685 649 1735 et
661 1669 816 1735 confinatas
830 1670 859 1732 in
883 1669 958 1734 dicto
975 1671 1077 1750 instro,
1096 1671 1176 1754 sigil-

1 1823 2 1858 i
87 1763 173 1828 latum
187 1765 300 1829 duobus
316 1768 411 1850 sigillis
425 1768 453 1830 in
470 1770 615 1852 pendenti.

130 1881 220 1944 1525·
239 1870 319 1942 item,
342 1865 430 1947 quod.
457 1867 670 1931 instrumentum
688 1866 846 1930 coniectum
868 1887 951 1930 manu
968 1868 1044 1932 Petri
1060 1867 1175 1932 Buviaci

86 1961 188 2024 notarii
201 1961 282 2042 publ.
298 1962 350 2026 sub
361 1982 436 2025 anno
452 1965 506 2027 Drii
518 1967 747 2042 M011⁰xc⁰llll⁰,
758 1965 856 2030 indict.
873 1981 926 2045 vu,
946 1979 978 2029 11³
993 1985 1082 2030 nonas
1094 1965 1173 2047 junii,

86 2059 237 2127 continens
249 2061 442 2125 vendicionem
461 2062 563 2126 factam
578 2083 629 2145 per
644 2069 757 2125 Petrum
776 2060 812 2124 de
826 2063 992 2146 Greyssiaco
1006 2063 1042 2127 de
1057 2084 1084 2126 rx
1098 2062 1175 2128 libris

86 2157 255 2221 Gebennen.
285 2171 313 2222 et
337 2159 561 2242 recognicionem
581 2179 715 2224 censuum
732 2161 895 2224 corumdem
907 2161 1009 2225 iactam
1026 2180 1077 2243 per
1092 2173 1175 2225 tene-

85 2255 241 2319 mentarios
254 2258 428 2323 eorumdem.

128 2354 219 2435 1526.
239 2361 317 2432 item,
334 2355 455 2418 vidimus
469 2357 617 2438 quammd.
639 2356 779 2420 literamm
795 2357 995 2422 continentium
1009 2357 1085 2440 quod
1100 2355 1174 2418 dom¹

1 2451 2 2456 ’
87 2453 262 2516 Humbertus
273 2468 301 2517 et
310 2454 450 2518 lohannes
461 2455 714 2536 dalphinusfratres
728 2456 847 2520 confessi
857 2457 969 2520 fuerunt
982 2456 1086 2519 debere
1097 2454 1175 2517 dom⁰

85 2549 239 2633 B(eatricr)
254 2570 350 2613 eorum
367 2552 447 2615 matri
465 2555 540 2614 xxm
555 2553 650 2616 librar.
667 2560 764 2616 Asten.
783 2567 811 2618 et
823 2553 874 2617 luit
887 2554 1022 2636 originale
1030 2553 1097 2616 dict.
1115 2552 1174 2614 lite-

84 2668 180 2712 rarum
196 2649 331 2730 scriptum
344 2670 418 2713 anno
445 2650 503 2739 prii
520 2657 711 2730 M⁰CCC⁰lll⁰,
739 2652 887 2734 sigillatum
900 2653 929 2717 in
941 2651 1073 2736 pendenti
1083 2650 1173 2732 sigillo

85 2747 216 2812 officialis
228 2749 305 2812 curie
321 2753 399 2813 Bone
415 2750 496 2813 ville.

127 2863 218 2928 1527.
240 2853 319 2926 item,
339 2848 426 2930 quod.
452 2848 665 2910 instrumentum
695 2847 772 2930 publ.
789 2848 948 2912 coniectum
977 2868 1061 2911 manu
1087 2847 1170 2929 Guig.

86 2944 233 3008 Frumenti
255 2958 315 3008 not.
333 2945 402 3026 pub.
417 2943 469 3008 sub
482 2965 556 3007 anno
580 2945 634 3007 Diri
651 2951 905 3021 n⁰ccc⁰xxxvl,
933 2945 978 3009 die
992 2964 1051 3008 xvu
1070 2945 1173 3007 mensis

82 3042 230 3121 febroarii,
246 3044 392 3106 continens
406 3043 482 3125 quod
494 3043 594 3105 nobilis
606 3050 707 3107 Petrus
722 3045 870 3120 Lontelmi,
882 3043 1021 3107 habitator
1032 3041 1068 3104 de
1085 3038 1173 3102 Molas

83 3141 111 3204 in
137 3141 339 3206 mandamento
363 3143 399 3206 de
420 3141 524 3219 Credo,
548 3140 615 3206 fecit
640 3141 799 3225 homagium
825 3142 921 3224 ligium
936 3141 1014 3212 dom?
1040 3137 1173 3221 dalphino

85 3239 237 3302 moderno.

128 3338 219 3420 1528.
237 3344 317 3416 item,
341 3337 427 3421 quod.
443 3337 522 3420 publ.
536 3338 749 3403 instrumentum
763 3338 920 3402 coniectum
936 3355 1018 3400 manu
1044 3335 1120 3400 Petri
1137 3336 1172 3400 de

85 3440 185 3498 Monte
197 3435 235 3497 de
250 3441 413 3519 cercennay
428 3435 528 3499 notarii
543 3435 621 3518 publ.
637 3436 688 3500 sub
703 3455 776 3499 anno
793 3437 847 3499 Diri
864 3440 1053 3513 M’CC001X0,
1068 3451 1087 3495 v
1109 3433 1173 3498 idus

85 3533 267 3617 septembris,
281 3533 378 3598 indict.
390 3553 442 3612 vu,
455 3534 604 3616 'sigillatum
618 3534 645 3597 in
663 3534 795 3617 pendenti
807 3534 903 3617 sigillis
916 3535 1024 3598 comitis
1034 3533 1173 3598 sabaudie
1252 3596 1254 3600 .

85 3645 113 3694 et
122 3630 236 3696 comitis
248 3632 438 3695 Gebennensis
451 3647 479 3695 et
492 3633 613 3715 quinque
627 3633 743 3696 aliorum
755 3633 919 3716 sigillorum,
934 3633 1081 3696 continens
1097 3631 1173 3716 quod

86 3747 184 3792 comes
204 3735 294 3812 Aymo
314 3729 349 3792 de
367 3729 505 3792 sabaudia
520 3729 642 3793 reddidit
657 3744 684 3793 et
698 3730 863 3794 deliberavit
879 3731 961 3793 domo
977 3731 1089 3813 Hugoni
1104 3729 1174 3792 Dal-

86 3826 174 3908 phino
184 3839 306 3889 castrum
323 3825 471 3888 Bellifortis
487 3839 562 3890 terre
578 3827 749 3910 Fucigniaci,
763 3841 791 3891 et
805 3827 882 3911 quod
896 3828 1073 3892 dictusdom.
1089 3833 1172 3908 Hugo

86 3924 233 3987 constituit
248 3923 427 3988 castellanum
442 3924 558 3989 indicto
572 3925 635 3988 loco
648 3926 724 3988 dom.
743 3925 927 3988 llumbertum
943 3925 979 3987 de
996 3922 1170 4000 Boczosello,

87 4021 233 4083 dominum
260 4021 295 4085 de
326 4022 501 4101 Malobecco,
529 4022 575 4104 qui
600 4024 676 4086 dom.
696 4023 867 4086 Humbertus
882 4023 1009 4105 promisit
1024 4022 1093 4086 dict.
1108 4027 1175 4085 cas-'

86 4132 162 4182 trum
175 4117 295 4182 fideliter
321 4138 435 4183 servare
460 4132 489 4183 et
514 4121 659 4182 restituere
676 4119 766 4182 eidem
782 4120 896 4184 domino
917 4133 946 4184 et
968 4120 1022 4184 ltoc
1036 4119 1173 4200 cavitper

88 4215 192 4280 multos
212 4216 330 4295 nobiles,
345 4231 430 4300 prout
442 4217 471 4280 in
492 4218 567 4280 dicto
581 4217 671 4281 instr¹l
685 4218 853 4282 continetur.
