2844 4900
523 540 564 555 ·-
588 524 639 589 145
663 539 701 554 η

88 637 199 702 tinentiis
205 639 241 700 de
250 636 361 722 claysio
375 651 404 700 et
413 638 579 720 generaliter
592 635 724 721 quicquid
735 636 809 700 dom¹
826 635 990 700 nmblardus
1003 649 1032 700 et
1044 643 1150 700 star-

87 735 132 797 dus
145 735 250 813 milites,
266 736 385 798 condam
399 734 503 798 domini
517 735 553 798 de
565 735 687 819 Claysio,
704 733 804 797 iratres
815 747 981 815 receperunt
993 733 1022 796 in
1035 731 1148 796 leudum

86 853 101 894 a
113 832 212 895 decano
224 846 253 896 et
260 833 382 914 capitulo
396 833 513 896 ecclesie
528 851 611 914 supra
623 831 713 910 dicte;
728 829 874 895 continens
883 829 966 893 etiam
979 819 1152 911 recognicio-

86 948 142 990 nem
154 930 252 992 iactam
266 931 431 1013 perdimum
447 930 524 993 dom.
540 929 702 1011 dalphinum
714 929 822 992 decano
834 927 987 1009 etcapitulo
997 926 1149 1008 supradict.

86 1023 248 1090 deomnibus
260 1028 396 1111 universis
408 1041 437 1090 et
450 1026 564 1108 singulis
577 1026 667 1089 eidem
681 1025 791 1090 donatis
804 1038 942 1107 utsupra.
960 1059 998 1072 -·
1013 1023 1082 1104 836.
1101 1024 1152 1087 Cui

86 1122 185 1202 quidem
198 1124 290 1188 instr¹⁰
299 1139 342 1188 est
352 1145 491 1187 annexum
500 1123 573 1186 aliud
587 1123 665 1204 publ.
676 1122 887 1187 instrumentum
899 1122 1056 1194 coniectum
1068 1141 1152 1185 manu

85 1218 142 1282 dicti
163 1223 274 1297 notarii,
309 1223 454 1286 continens
486 1221 709 1304 recognicionem
740 1221 814 1286 dum¹
848 1219 975 1302 llugonis
1001 1219 1153 1296 Ademarii,

86 1315 177 1379 domini
195 1320 299 1382 Montis
315 1320 424 1396 Albani,
439 1319 475 1382 de
487 1318 561 1382 dicta
584 1317 700 1383 baronia
714 1331 743 1382 et
754 1316 873 1400 plurium
884 1317 1000 1382 aliorum
1013 1315 1151 1394 locurum,

86 1426 110 1475 et
117 1427 156 1476 est
165 1415 371 1498 registr(at)um
386 1416 415 1478 in
430 1416 567 1478 Batoniis.

119 1513 182 1591 837.
198 1521 279 1590 Item,
309 1514 395 1595 quod.
424 1513 461 1576 al.
490 1514 702 1576 instrumentum
729 1513 807 1595 publ.
826 1513 960 1594 scriptum
978 1530 1062 1576 manu
1078 1510 1153 1573 Petri

86 1607 178 1671 viniaci
197 1611 312 1687 notarii,
335 1610 387 1674 sub
411 1611 558 1698 anno'llrii
585 1616 798 1688 M⁰CC⁰XC⁰V⁰,
827 1609 1155 1686 indic.v1u²,v⁰nonas

2 1697 3 1738 ³
86 1707 206 1784 qctobris,
236 1709 384 1771 continens
408 1708 566 1790 homagium
594 1707 689 1790 ligium
715 1707 860 1791 prestitum
888 1707 969 1768 dom0
982 1719 1079 1770 nostro
1092 1705 1156 1769 dal·

2 1819 3 1896 ἐ
86 1800 159 1879 phino
180 1824 231 1884 per
249 1804 445 1888 Reymondum
471 1805 507 1868 de
524 1805 628 1888 Toyria
646 1804 758 1869 racione
771 1803 855 1868 castri
881 1804 984 1867 Montis
1009 1802 1119 1868 Bunodi
1133 1816 1154 1868 ¹.

120 1899 183 1978 838.
201 1909 284 1977 ltem,
299 1901 386 1984 quod.
408 1902 485 1984 publ.
503 1902 716 1965 instrumentum
731 1900 774 1984 <ut
787 1901 871 1984 713),
898 1901 1043 1964 continens
1056 1899 1156 1962 homa·

86 1992 151 2073 glum
165 1998 312 2078 prestitum
337 1998 418 2061 dom⁰
432 2011 528 2063 nostro
552 1997 684 2080 dalphino
710 2017 762 2080 per
785 1996 932 2080 egnelum
954 1997 990 2060 de
1013 1996 1157 2060 Millianet

86 2093 261 2159 terminum...
439 2177 441 2182 Ι
782 2095 784 2102 ’

120 2189 183 2272 839.
209 2200 291 2270 Item,
313 2191 400 2274 quod.
425 2192 462 2254 al.
491 2192 571 2273 publ.
595 2191 808 2257 instrumentum
830 2191 963 2274 scriptum
983 2211 1067 2256 manu
1079 2192 1157 2255 Petri

88 2289 204 2351 Amselmi
218 2290 321 2353 notarii
336 2288 414 2371 publ.
434 2289 486 2353 sub
499 2310 573 2354 anno
598 2291 652 2353 Diti
667 2296 912 2366 ll⁰CC⁰LllXVll‚
932 2289 1018 2354 indic.
1043 2306 1085 2366 vr,
1102 2299 1157 2352 ιιιιο

87 2403 163 2450 nonas
187 2389 259 2468 julii,
287 2389 433 2451 continens
460 2387 536 2470 quod
569 2389 703 2451 Martinus
716 2389 752 2452 de
770 2387 891 2451 Brenino
905 2387 1051 2451 confessus
1063 2387 1114 2450 luit
1127 2406 1158 2450 se

87 2493 170 2546 tenere
182 2486 217 2548 de
232 2485 357 2548 dominio
372 2499 401 2548 et
415 2485 499 2549 feudo
513 2486 587 2549 dom¹
603 2487 679 2550 Petri
692 2487 805 2550 Aurucii
816 2485 909 2550 omnia
927 2505 982 2567 que
1003 2484 1118 2548 tenebat
1131 2496 1160 2548 et

89 2581 224 2660 aquisierat
238 2602 255 2644 a
278 2589 362 2645 Petro
375 2583 509 2646 Montanii
523 2596 552 2647 et
567 2583 687 2665 Agnesia
708 2604 796 2647 uxore
810 2604 872 2661 sua,
892 2597 1011 2665 excepto
1028 2582 1158 2664 homagio

89 2674 178 2759 dequo
192 2700 247 2762 pro
259 2679 340 2744 dictis
356 2681 440 2743 rebus
453 2700 510 2745 non
523 2695 645 2758 tenetur,
657 2694 686 2744 et
694 2681 839 2746 confessus
852 2682 904 2746 iuit
916 2683 1007 2746 dictus
1025 2681 1160 2746 Martinus

90 2772 119 2835 de
136 2778 287 2860 Bregnino‚
319 2778 363 2840 cui
391 2779 526 2843 successit
547 2779 687 2858 dominus,
706 2799 736 2844 se
761 2780 866 2844 debere
883 2800 935 2864 pro
949 2781 1018 2844 dict.
1041 2780 1125 2844 rebus
1140 2798 1160 2841 ιι

91 2871 181 2936 soldos
194 2894 296 2938 census
310 2889 340 2939 et
352 2893 382 2938 vr
399 2876 497 2940 denar.

124 2969 187 3048 840.
218 2979 300 3050 ltem,
330 2973 415 3055 qued.
440 2973 536 3036 lietera
555 2975 584 3036 in
612 2974 747 3056 pendenti
770 2973 899 3056 sigillata,
929 2974 981 3037 sub
1004 2991 1078 3036 anno
1106 2971 1161 3033 Dili

93 3072 256 3148 ll⁰cC⁰Lll⁰,
272 3090 310 3134 nv
323 3072 500 3135 calendarum
518 3071 622 3158 aprilis,
646 3072 793 3136 continens
809 3071 885 3154 quod
901 3078 1001 3134 Petrus
1017 3070 1054 3133 de
1071 3076 1162 3132 Ponte

93 3165 263 3230 confitebatur
273 3182 371 3231 tenere
387 3189 403 3230 a
429 3169 507 3232 dom⁰
517 3169 653 3251 dalphino
668 3169 799 3252 quicquid
812 3169 873 3250 ipse
887 3167 1009 3232 habebat
1021 3166 1049 3230 in
1065 3185 1164 3248 parro-

93 3259 300 3342 chiisd'llrenio,
317 3265 406 3328 d’Ous
427 3279 457 3328 et
470 3265 506 3328 de
522 3274 661 3350 Vouyam,
677 3287 732 3349 que
745 3266 876 3349 aquisivit
902 3287 919 3329 a
946 3265 1026 3329 dom⁰
1043 3270 1163 3346 lingone

94 3357 224 3438 Richardi,
245 3362 332 3425 videl.
351 3362 464 3426 domum
488 3383 566 3427 suam
584 3363 620 3428 de
642 3364 740 3428 nlenio
763 3362 927 3429 reddibilem
945 3375 975 3426 et
990 3360 1084 3425 omnia
1109 3379 1164 3443 que

94 3458 306 3524 tenetibidem2.
743 3483 746 3492 ⁴

126 3555 190 3634 841.
210 3565 288 3636 Item,
314 3559 401 3641 quod.
424 3559 636 3622 instrumentum
653 3560 738 3641 .publ.
761 3559 895 3642 scriptum
928 3577 1012 3621 manu
1032 3557 1165 3621 iohannis

94 3653 182 3716 notarii
198 3654 271 3718 dom¹
287 3656 475 3738 imperatoris,
500 3656 552 3719 sub
578 3677 652 3720 anno
679 3657 734 3721 Diri
749 3665 964 3733 M⁰CC⁰LX⁰V⁰,
975 3656 1060 3720 indic.
1079 3669 1162 3732 vnn,

16 3763 17 3768 ¹
95 3747 134 3812 die
146 3769 165 3812 n
179 3769 295 3817 exeunte
309 3774 405 3817 mense
424 3754 545 3836 augusti,
571 3755 719 3820 continens
744 3754 970 3837 recognicionem
990 3754 1092 3818 iactam
1114 3772 1166 3834 per

97 3847 258 3914 Guillelmum
282 3852 413 3915 Ruboudi
435 3851 581 3916 Guillelmo
603 3852 727 3929 Aurucii,
751 3852 787 3916 de
808 3852 895 3934 quod.
920 3866 1001 3935 prato
1017 3850 1093 3935 quud
1107 3850 1169 3933 ipse

19 3987 23 4003 .
96 3945 434 4013 tenebatinmandamento
448 3948 552 4015 Montis
564 3950 686 4027 Bonudi,
697 3969 749 4034 pro
759 3969 816 4031 quo
826 3949 1011 4014 confitebatur
1023 3967 1054 4013 se
1063 3947 1168 4013 debere

20 4038 25 4120 ζ
100 4044 257 4110 tsestarium
271 4047 327 4110 vini
341 4047 435 4130 puri·
454 4095 464 4122 2

132 4209 154 4248 t.
168 4193 207 4248 En
220 4212 250 4252 m.
266 4197 300 4253 ll.
316 4198 350 4253 R.
367 4195 398 4252 de
415 4197 448 4253 Τ.
464 4214 511 4271 pro
526 4205 593 4254 terra
607 4214 682 4272 quam
695 4197 771 4256 habet
789 4196 813 4254 in
834 4198 1008 4256 mandamento
1026 4197 1064 4253 M.
1081 4196 1113 4253 Β.
1135 4224 1167 4236 -

101 4275 123 4316 2.
136 4263 173 4320 En
187 4281 220 4322 m.
234 4263 356 4340 Oysencii,
377 4269 431 4325 Noa
445 4267 646 4326 reddibilitatem.

1012 4359 1046 4402 10
