2844 4900
701 391 859 452 ..80-

243 521 285 584 nis
313 521 395 584 beate
420 521 519 597 Marie,
551 521 696 583 continens
722 520 864 602 quoddam
889 518 1118 598 compromissum
1131 517 1235 580 lactum
1249 516 1321 578 inter

242 631 371 700 potentes
380 617 456 680 viros
470 618 547 681 dom.
563 618 719 700 Philippum
740 618 858 680 electum
882 615 1107 697 Lugdunensem,
1133 613 1245 676 nomine
1270 633 1320 675 suo

153 790 156 796 Ι
244 728 272 777 et
286 714 398 795 capituli
411 715 624 791 valentinensis,
641 734 744 776 exona
759 726 839 795 parte
856 726 883 775 et
897 713 974 774 dom.
990 711 1145 794 Guigonem
1160 710 1321 790 dalphinum

221 849 225 856 «
244 831 279 874 ex
293 811 391 888 altera,
405 831 490 892 super
504 810 693 893 questionibus
708 831 762 893 que
777 809 848 874 inter
861 809 937 889 ipsos
949 809 1134 872 movebantur
1150 826 1233 888 super
1246 807 1322 870 facto

244 907 279 970 de
294 915 429 991 Annonay
443 921 471 970 et
481 908 517 970 de
530 914 681 990 Argentatz
694 907 806 970 nomine
829 907 946 969 ecclesie
964 905 1168 987 Lugdunensis,
1184 917 1213 966 et
1237 921 1323 984 super

244 1003 408 1086 quibusdam
421 1004 504 1066 rebus
514 1005 573 1067 aliis
587 1005 699 1068 nomine
712 1004 828 1067 ecclesie
846 1003 1048 1068 valentinensis
1057 1001 1193 1065 contentis
1207 999 1324 1062 indicta

244 1100 352 1180 littera;
369 1115 398 1164 et
410 1121 461 1183 pro
476 1115 554 1182 parte
576 1101 641 1164 dieti
658 1101 734 1164 dom.
754 1099 877 1183 dalphini
898 1117 981 1182 super
995 1113 1086 1164 castro
1100 1099 1136 1161 de
1150 1105 1280 1179 Septemo
1295 1110 1326 1159 et

243 1198 382 1260 territorio
411 1198 533 1277 ejusdem
551 1211 579 1260 et
605 1198 729 1279 pluribus
754 1198 814 1260 aliis
837 1198 921 1260 rebus
941 1197 969 1260 in
988 1197 1047 1279 ipsa
1073 1195 1222 1271 contentis,
1239 1213 1325 1274 super

246 1294 345 1376 quibus
359 1315 389 1357 se
399 1295 649 1376 compromiserunt
660 1295 688 1357 in
702 1295 823 1357 nobilem
833 1308 862 1357 et
876 1308 1016 1375 potentem
1027 1287 1205 1356 viru'm‘dom.
1223 1299 1327 1372 IIugo-

244 1410 308 1453 nem
323 1393 422 1455 ducem
438 1393 608 1475 Burgondie,
622 1393 795 1455 Bernardum
808 1392 1033 1455 obedianeiarum
1050 1390 1161 1454 Sancti]
1165 1389 1219 1452 usti
1232 1389 1326 1451 ecele-

245 1489 285 1552 sie
303 1489 495 1571 Lugdunensis
505 1503 533 1552 et
545 1490 573 1552 in
585 1491 746 1571 magistrum
763 1490 916 1552 Iohannem
940 1489 976 1551 de
1002 1487 1166 1564 Goneelino,
1183 1485 1269 1547 modo
1297 1500 1328 1547 et

247 1586 336 1650 forma
355 1587 472 1650 indicta
489 1587 580 1650 littera
593 1587 741 1652 contentis.

287 1702 357 1764 402.
373 1692 452 1761 Item,
480 1684 564 1765 qued.
593 1684 630 1746 al.
646 1682 742 1746 lietera
764 1681 873 1745 duobus
894 1681 987 1763 sigillis
1002 1681 1031 1743 in
1048 1679 1179 1762 pendenti
1194 1677 1326 1759 sigillata,

248 1781 350 1862 scripta
360 1774 497 1842 sollario
512 1781 566 1843 nni
579 1786 797 1856 II⁰CC0LII0II⁰,
810 1779 855 1841 die
868 1798 943 1840 nuno
954 1777 1066 1840 kalend.
1079 1775 1247 1852 decembris,
1260 1794 1330 1837 eon-

247 1878 340 1940 tinens
354 1873 584 1958 compromissum
596 1877 698 1938 laetum
726 1876 797 1938 inter
812 1875 952 1956 predictos
968 1873 1043 1936 dom.
1074 1873 1192 1934 electum
1214 1871 1331 1952 Lugdu·

249 1993 363 2038 nensem
376 1973 486 2036 etdom.
497 1973 653 2055 Guigonem
661 1972 832 2053 dalphinum,
849 1971 935 2052 quise
946 1968 1244 2051 compromisseruntin
1255 1969 1329 2030 dnos

251 2075 398 2150 Hugonem
421 2069 520 2131 dueem
548 2069 708 2151 Burgundie
737 2083 765 2132 et
792 2068 918 2130 Odonem
940 2068 1069 2131 comitem
1101 2065 1327 2144 Nivemiensem,

249 2185 333 2246 super
346 2166 536 2247 questionibus
555 2179 710 2229 castrorum
724 2166 759 2228 de
772 2175 918 2248 Annonay,
948 2166 984 2227 de
997 2172 1178 2245 Argentautz,
1203 2163 1239 2224 de
1256 2169 1330 2244 Sep-

250 2275 324 2324 temo
345 2276 373 2324 et
393 2262 428 2325 de
442 2264 512 2326 Villa
527 2269 619 2340 Nova,
638 2265 783 2328 continens
804 2263 884 2325 etiam
900 2263 992 2343 plures
1008 2262 1155 2343 petitiones
1171 2261 1261 2323 lactas
1280 2280 1331 2342 per

252 2356 341 2422 dictos
356 2359 475 2423 arbitros
496 2374 524 2423 et
538 2363 735 2442 responeiones
763 2363 849 2424 laetas
871 2381 921 2441 per
946 2360 1034 2423 dietas
1055 2373 1158 2440 partes,
1181 2358 1330 2421 continens

252 2455 340 2518 eciam
353 2456 447 2538 plures
460 2459 666 2522 convenciones
690 2472 718 2521 et
740 2473 821 2540 pacta
835 2458 923 2537 iurata
948 2473 978 2521 et
1003 2473 1156 2522 conventas
1170 2457 1245 2520 inter
1260 2458 1329 2523 diet.

251 2565 355 2634 partes,
371 2567 453 2634 prout
467 2555 495 2616 in
511 2555 571 2635 ipsa
588 2555 694 2636 plenius
708 2556 874 2618 continetur.

291 2668 360 2728 403.
376 2656 454 2724 Item,
471 2649 556 2732 qued.
573 2650 651 2713 litera
665 2652 693 2713 in
707 2651 839 2732 pendenti
852 2651 980 2734 sigillata,
996 2653 1099 2733 scripta
1115 2651 1166 2714 sub
1184 2671 1261 2713 anno
1278 2654 1332 2714 Diti

253 2752 480 2821 M0CC⁰LIIVII⁰,
492 2767 580 2809 nonas
590 2748 668 2826 juniI,
678 2749 824 2812 continens
834 2749 1063 2830 compromissum
1076 2749 1178 2812 factum
1189 2769 1241 2829 per
1250 2750 1330 2812 dom.

252 2841 407 2925 Guigonem
430 2843 589 2923 dalphinum
604 2845 723 2908 condam
740 2866 775 2908 ex
795 2865 848 2908 una
865 2860 943 2927 parte
960 2859 988 2909 et
1010 2847 1086 2908 dom.
1104 2846 1279 2908 Arthaudum
1296 2847 1332 2908 de

253 2939 417 3002 Rossillione
441 2939 498 3022 (et)
525 2941 699 3004 Guillelmum
719 2943 778 3022 ejus
805 2943 891 3005 lilium
908 2965 943 3006 en
970 2944 1067 3020 altera,
1087 2961 1171 3024 super
1190 2941 1279 3005 teudo
1306 2953 1333 3003 et

252 3035 374 3097 domimo
384 3037 467 3099 castri
484 3037 519 3100 de
534 3039 713 3102 Rossillione.

291 3150 361 3212 404.
379 3140 459 3210 Item,
471 3135 556 3215 quod.
569 3135 780 3200 instrumentum
796 3138 928 3220 scriptum
943 3157 1026 3200 manu
1039 3137 1144 3199 Alberti
1157 3137 1193 3198 de
1217 3135 1333 3218 Brayda

251 3232 362 3308 notarii,
392 3232 444 3294 sub
470 3228 543 3294 anno
572 3235 875 3311 bnin⁰cc0xc01110,
894 3234 939 3296 die
971 3233 1080 3297 veneris
1096 3247 1159 3314 post
1185 3233 1290 3295 festum
1306 3232 1332 3293 br

253 3328 419 3411 Nich(olai>,
448 3329 594 3392 continens
623 3330 801 3394 donationem
829 3333 929 3395 factam
959 3351 1008 3412 per
1036 3331 1166 3394 Pontium
1186 3329 1333 3393 dominum

254 3425 426 3489 Montislauri
443 3425 523 3488 dom⁰
538 3426 680 3507 dalphino,
698 3427 733 3492 de
762 3427 821 3508 jure
838 3429 912 3511 quod
930 3427 1051 3490 habebat
1074 3428 1103 3490 in
1132 3427 1334 3490 mandamento
1374 3503 1380 3514 Ι

255 3521 411 3586 Pisaneiani
427 3521 496 3586 diet.
519 3523 652 3586 poneius.
1329 3524 1333 3529 “

292 3637 362 3700 405.
381 3627 459 3697 Item,
482 3619 569 3702 quod.
596 3621 807 3684 instrumentum
831 3623 963 3706 seriptum
980 3644 1062 3686 manu
1087 3623 1169 3704 Guig.
1188 3621 1334 3699 Frumenti

254 3729 327 3792 not.,
342 3715 394 3779 sub
409 3737 482 3779 anno
499 3717 553 3779 Diri
569 3712 854 3796 II⁰CCC⁰XIIIIIIII⁰,
870 3721 915 3783 die
932 3741 995 3800 vnn
1005 3721 1107 3783 mensis
1115 3720 1244 3800 januarii,
1262 3742 1335 3786 eon-

254 3812 344 3876 tinens
361 3814 519 3895 homagium
534 3815 679 3896 prestitum
708 3816 821 3879 domino
851 3832 947 3880 nostro
973 3819 1103 3900 dalphino
1124 3837 1175 3899 per
1195 3819 1336 3882 Raimun·

255 3908 321 3970 dum
337 3909 372 3970 de
386 3910 463 3971 Valle
478 3923 505 3972 et
522 3911 654 3993 assignat.
672 3913 782 3975 termin.
799 3913 833 3974 ad
848 3916 1106 3995 recognoscendum
1120 3915 1175 3995 jam
1189 3914 1312 3994 lapsum.

276 4008 346 4088 406.
364 4013 443 4083 Item,
460 4008 545 4088 quod.
557 4009 768 4072 instrumentum
782 4011 913 4091 scriptum
927 4032 1009 4074 manu
1023 4012 1167 4075 Alamandi
1181 4012 1217 4074 de
1234 4011 1337 4074 Bellu-

256 4102 352 4165 videre
368 4103 479 4179 notarii,
496 4105 547 4166 snb
564 4126 637 4168 anno
660 4107 713 4167 nni
731 4112 990 4185 n0cc0nxxvt10,
1010 4107 1054 4170 die
1066 4109 1130 4171 lune
1151 4123 1216 4170 ante
1230 4109 1335 4171 testum
