2844 4900
697 447 855 526 ..34-

242 581 368 645 homines
384 581 450 644 dicti
470 579 628 642 monasterii
638 593 667 642 et
678 579 753 661 quod
767 577 907 644 faciebant
920 577 1079 660 homagium
1092 579 1144 660 ipsi
1156 578 1263 656 abbati,
1283 593 1318 642 ‚et

240 680 293 760 ipsi
309 679 395 742 nobili
406 679 546 743 faciebant
560 676 664 740 tributa
677 677 852 758 infrascripta
865 677 977 740 nomine
989 677 1107 758 guarde,
1123 677 1182 739 vid.
1196 679 1243 759 qui
1258 678 1318 740 sine

214 776 331 839 ‘bobus
356 776 461 838 coleret
482 787 571 837 terras
591 773 712 841 solveret
739 793 824 837 unum
851 774 1015 857 meyterium
1035 793 1123 836 avene
1147 787 1175 836 et
1202 774 1318 856 quilibet

240 892 303 935 curn
315 872 406 935 bobus
416 871 472 934 duo
487 871 620 954 meyteria
634 884 662 933 et
675 870 789 952 quilibet
802 870 848 952 qui
863 870 975 934 habebit
991 870 1144 951 hospicium
1154 890 1238 932 unam
1253 872 1319 954 gal-

239 970 323 1032 linam
340 969 492 1045 annuatim,
508 981 537 1031 et
550 967 597 1049 qui
609 967 711 1030 lacient
729 967 887 1047 homagium
902 966 977 1030 dicto
994 966 1088 1030 abbati
1102 982 1253 1048 sequentur
1267 988 1319 1031 ca-

239 1068 365 1149 valgatas
381 1067 446 1129 dicti
459 1065 560 1128 nobilis
581 1066 658 1128 sicud
680 1065 724 1128 alii
738 1064 847 1127 nubiles
867 1078 942 1127 terre
965 1083 1026 1142 sue,
1044 1078 1072 1128 et
1086 1065 1161 1147 quod
1180 1067 1317 1131 solvendo

240 1163 307 1226 dict.
322 1183 438 1227 avenam
456 1176 483 1225 et
500 1162 628 1242 gallinam
643 1175 671 1224 et
688 1162 832 1243 sequendo
852 1161 1011 1242 cavalgatas
1038 1162 1104 1224 dicti
1128 1163 1229 1226 nobilis
1251 1164 1319 1227 dicti

239 1263 366 1325 homines
379 1261 434 1324 sint
446 1261 525 1324 liberi
541 1260 577 1323 ab
591 1259 651 1322 aliis
661 1259 801 1336 omnibus,
818 1272 846 1321 et
860 1258 935 1342 quod
943 1259 1071 1321 animalia
1086 1279 1182 1322 eorum
1196 1260 1320 1326 habeant

238 1378 400 1439 percursum
413 1377 463 1440 per
477 1369 564 1420 totam
580 1371 684 1418 terram
710 1356 776 1418 dicti
802 1355 914 1434 nobilis,
939 1370 967 1420 et
982 1355 1058 1438 quod
1072 1355 1160 1419 abbas
1175 1358 1320 1438 predictus

238 1455 340 1518 habeat
353 1455 381 1517 in
397 1454 477 1516 dictis
505 1452 662 1515 hominibus
676 1452 767 1515 banna
791 1473 810 1514 x
822 1453 939 1516 solidor.
956 1467 985 1516 et
998 1473 1015 1514 a
1027 1473 1046 1514 x
1059 1453 1141 1516 solid.
1164 1454 1246 1532 infra,
1262 1477 1319 1538 que

238 1553 326 1634 possit
335 1572 386 1635 per
399 1573 429 1614 se
441 1553 486 1614 vel
501 1571 551 1632 per
567 1551 649 1612 alium
666 1550 821 1630 percipere,
846 1565 875 1613 et
886 1551 961 1632 quod
976 1549 1066 1612 dictus
1093 1549 1193 1614 nobilis
1216 1552 1321 1617 habeat

237 1651 329 1712 banna
344 1665 372 1713 et
396 1649 519 1730 justicias
544 1667 656 1728 grossas
678 1647 707 1708 in
721 1646 802 1708 dictis
816 1646 974 1710 hominibus
996 1660 1024 1709 et
1043 1646 1111 1710 locis
1125 1668 1180 1728 que
1207 1650 1318 1712 ratione

236 1748 305 1810 meri
318 1747 425 1830 imperii
448 1759 607 1826 competere
630 1755 745 1824 possent
762 1743 791 1805 in
810 1743 968 1807 hominibus
995 1743 1173 1825 supradictis,
1198 1759 1228 1808 et
1256 1746 1319 1828 ipse

236 1845 365 1907 dominus
374 1857 484 1907 tenetur
498 1843 574 1923 ipsos
584 1840 709 1903 homines
718 1840 872 1904 deffensare
884 1854 968 1922 prout
980 1841 1009 1902 in
1023 1840 1148 1921 predicta
1156 1842 1236 1904 litera
1249 1862 1321 1906 con·

235 1942 348 2018 tinetur,
364 1954 579 2023 protestatoper
591 1937 721 2001 abbatem
739 1937 815 2019 quod
829 1958 886 2000 non
902 1937 1065 2001 intendebat
1075 1938 1241 2002 renunciare
1257 1941 1319 2004 aliis

235 2039 322 2102 literis
336 2054 364 2102 et
379 2040 479 2121 pactis.
1084 2045 1087 2049 ’

239 2147 244 2168 ·
274 2155 344 2216 423.
364 2145 444 2214 ltem,
458 2137 543 2219 qued.
559 2138 596 2198 al.
612 2137 691 2200 litera
705 2136 779 2198 dom¹
792 2133 929 2198 Guillelmi
951 2133 1056 2197 domini
1072 2133 1108 2195 de
1125 2133 1316 2212 bellovidere,

234 2235 337 2317 scripta
365 2255 438 2297 anno
458 2235 567 2297 Domini
579 2241 766 2309 M⁰CC⁰LVl⁰,
778 2233 895 2315 sigillata
911 2233 1035 2314 quinque
1051 2230 1146 2312 sigillis
1161 2232 1272 2314 magnis
1291 2233 1319 2294 in

233 2331 377 2410 pendenti,
394 2332 539 2394 continens
561 2330 730 2394 hanchesias
748 2344 776 2392 et
792 2329 933 2392 libertates
957 2329 1036 2391 datas
1055 2346 1106 2408 per
1120 2327 1225 2390 dictum
1242 2329 1320 2390 Guil-

234 2427 345 2489 lelmum
362 2428 550 2490 habitantibus
565 2441 592 2490 et
605 2427 768 2490 habitaturis
777 2427 805 2488 in
821 2439 913 2489 castro
928 2426 973 2488 vel
987 2426 1078 2506 burgo
1091 2424 1127 2486 de
1138 2425 1319 2488 Bellovidere

234 2538 263 2586 et
276 2525 347 2586 infra
365 2538 454 2588 metas
470 2526 567 2606 ipsius,
594 2525 622 2586 in
648 2523 748 2604 quibus
763 2523 837 2586 idem
854 2523 983 2585 dominus
998 2522 1110 2586 retinuit
1122 2522 1219 2603 usagia
1232 2522 1320 2585 inha-

234 2621 352 2702 scripta:
364 2623 548 2703 primo,quod
556 2636 682 2702 tempore
691 2621 820 2704 g(uerre)
831 2621 904 2704 si(!)
914 2620 1043 2701 expensis
1052 2621 1176 2702 ipsorum
1184 2633 1321 2684 tenentur

233 2718 323 2798 ipsum
335 2720 424 2801 sequi,
440 2720 506 2782 item
516 2718 627 2781 retinuit
639 2719 743 2795 banna,
760 2718 893 2798 justicias,
910 2737 1065 2797 mensuras,
1083 2718 1192 2802 leydas,
1207 2718 1322 2782 clamo-

233 2835 290 2890 res,
312 2816 419 2897 linguas
445 2830 473 2878 et
499 2815 607 2878 lumbos
630 2816 734 2878 bouum
771 2835 826 2897 que
848 2815 1037 2879 venderentur
1059 2817 1095 2878 ad
1117 2816 1267 2880 macellum
1292 2831 1322 2881 et

231 2912 343 2995 leydam
364 2913 486 2975 omniurn
509 2913 623 2975 aliarum
644 2933 735 2978 rerum
762 2912 904 2987 vinalium,
927 2911 993 2974 item
1008 2912 1151 2976 adulteria
1171 2926 1201 2976 et
1223 2915 1322 2978 homi·-

232 3009 295 3072 cide
316 3023 380 3073 sunt
398 3010 426 3072 in
446 3010 632 3093 disposicione
648 3011 736 3093 ipsius
749 3023 777 3074 et
792 3010 871 3091 plura
881 3009 934 3072 alia
946 3023 977 3072 ut
993 3011 1022 3072 in
1038 3011 1119 3074 dictis
1142 3011 1230 3074 literis
1245 3031 1322 3076 con-

230 3108 344 3171 tinetur.
861 3121 873 3150 Ν·

270 3222 340 3284 424.
359 3213 439 3282 ltem,
459 3204 543 3287 qued.
565 3206 643 3268 litera
657 3205 769 3288 hymari
783 3204 889 3267 domini
903 3205 938 3267 de
951 3203 1130 3267 Cassenatico
1147 3217 1176 3266 et
1189 3202 1227 3264 de
1241 3210 1322 3268 Yse-

231 3302 427 3383 ronequodam
445 3322 547 3384 magno
560 3302 650 3383 sigillo
663 3321 745 3364 cereo
754 3301 783 3363 in
793 3302 925 3382 pendenti
940 3301 1068 3383 sigillata,
1081 3300 1230 3364 continens
1238 3302 1321 3383 quod

231 3396 321 3460 dictus
335 3406 471 3480 hymarus
483 3397 700 3462 vendidit'dom0
716 3398 836 3478 Guigoni
847 3397 990 3479 dalphino,
1010 3398 1105 3478 precio
1120 3415 1208 3460 cxxx
1227 3397 1322 3462 libra·

230 3514 291 3557 rum
301 3496 452 3572 viennen,
472 3498 640 3560 universaet
654 3497 827 3578 singulaque
843 3495 964 3560 habebat
978 3497 1007 3560 in
1021 3511 1113 3560 castro
1141 3509 1171 3558 et
1191 3497 1322 3562 manda-

228 3606 324 3656 mento
348 3595 383 3656 de
399 3595 584 3670 Bellovidere,
602 3594 662 3657 scil.
681 3592 875 3655 condaminam
899 3593 1079 3657 Belliseillerii
1093 3607 1121 3655 et
1134 3611 1182 3654 xxa
1196 3596 1321 3658 sestaria

228 3687 357 3752 frumenti
368 3708 468 3753 census
483 3691 663 3773 percipienda
676 3690 705 3751 in
715 3689 873 3752 molendino
890 3690 965 3752 Petri
984 3689 1157 3773 Alam(andi)
1179 3702 1209 3751 et
1222 3690 1321 3773 ipsum

230 3791 343 3863 Petrum
359 3787 530 3850 etJacobum
541 3787 685 3850 Alamandi
704 3799 732 3848 et
743 3786 862 3867 quedam
878 3786 930 3848 alia
943 3787 971 3848 in
986 3787 1060 3854 dicta
1075 3785 1153 3850 litera
1164 3800 1319 3865 contenta,

196 3899 200 3906 ’
228 3883 331 3964 scripta
346 3885 397 3946 sub
421 3897 494 3948 an'no
517 3886 834 3958 unin⁰cc⁰u11⁰‚nno
852 3883 966 3946 kalend.
989 3883 1067 3964 junii.

266 3999 336 4061 425.
361 3989 439 4058 ltem,
458 3983 543 4064 quod.
564 3984 777 4050 instrumentum
807 4001 856 4043 seu
870 3981 990 4044 vidimus
1006 3982 1109 4044 facturn
1124 3995 1152 4043 et
1164 3981 1319 4063 signatum

227 4078 354 4142 manibus
370 4079 488 4161 Philippi
504 4081 614 4143 Andree
637 4079 770 4143 Galteroti
785 4079 884 4142 notarii
898 4078 990 4161 publ,
1006 4078 1111 4141 hlberti
1128 4079 1163 4141 de
1180 4081 1319 4162 Braydas

226 4188 286 4236 not.
297 4175 381 4257 pub,
394 4177 531 4239 Guillelmi
546 4177 582 4240 de
597 4176 698 4258 Sagnie
708 4190 767 4237 not.
781 4176 848 4256 pub.
861 4175 913 4238 sub
925 4195 998 4237 anno
1010 4175 1064 4238 Diti
1077 4181 1318 4256 M⁰CCC⁰XVll⁰,
