2844 4900
93 575 227 631 tractatum
241 563 365 635 habiturn
375 563 446 629 inter
462 563 538 630 dom.
560 562 742 628 trumbertum
755 563 914 644 dalphinum
925 561 1108 626 Viennensem
1119 579 1154 624 ex

92 679 138 722 mr
152 673 232 741 parte
251 673 279 721 et
288 658 366 722 dom.
382 666 530 742 Aymarurn
552 660 589 722 de
603 659 738 736 pictavia,
754 658 882 722 comitem
907 659 1092 734 Valentinum,
1120 676 1154 722 ex

90 756 166 818 altera
169 775 275 838 super
285 770 430 820 contractu
443 757 608 820 matrimonii
627 757 707 820 unius
719 755 836 819 filiarum
851 755 916 820 dicti
941 756 1016 818 dom.
1033 754 1155 836 dalphini

36 869 38 878 ·
91 866 114 914 et
128 851 335 916 uniusfiliorum
349 853 416 917 dicti
428 854 503 916 dom.
520 853 642 936 Aymari

126 951 188 1029 383.
208 957 276 1020 Item
280 951 389 1032 ,qued
419 950 499 1017 utera
517 950 606 1033 sigillo
622 950 695 1013 dom¹
709 949 820 1033 tymari
847 949 883 1011 de
901 913 1024 1012 Pictavia
1039 947 1066 1010 in
1083 965 1155 1028 pen-

90 1047 157 1112 denti
170 1047 301 1132 sigillata,
317 1048 421 1130 scripta
438 1049 490 1112 sub
514 1068 587 1111 anno
604 1048 657 1110 Diri
679 1045 1033 1122 Mcctxxxv1ttdie
1061 1045 1155 1108 martis

89 1143 257 1222 postlestum
272 1144 428 1208 Natiuitatis
442 1145 551 1208 Domini
574 1165 669 1208 mense
696 1144 848 1221 decembri,
871 1143 1015 1222 continens
1035 1142 1155 1224 promis-

89 1239 185 1303 sionem
202 1241 305 1304 factam
324 1262 375 1324 per
399 1243 500 1305 dictum
525 1242 602 1305 dom.
630 1251 779 1327 nymarum
793 1243 870 1306 dorn⁰
893 1249 971 1305 Anne
985 1241 1114 1322 delphine
1128 1254 1156 1304 et

90 1337 160 1398 dom⁰
175 1339 331 1402 Humberto
344 1339 527 1420 ejus'marito,
546 1340 581 1402 de
596 1340 740 1403 reddendo
754 1354 783 1404 et
799 1339 943 1422 quittando
958 1338 1154 1421 obligationem

90 1434 170 1496 eidem
179 1435 257 1497 dom.
274 1443 394 1518 Aymaro
407 1457 457 1517 per
467 1436 556 1500 dictos
573 1436 734 1514 dominosin
744 1437 885 1500 dominum
902 1437 1002 1500 iactam
1017 1435 1053 1500 de
1063 1450 1155 1500 castro

91 1532 120 1594 de
133 1533 266 1610 Cabeolo,
279 1535 355 1616 quod
369 1535 420 1597 sibi
432 1534 625 1617 obligaverant
640 1555 691 1616 pro
707 1538 756 1597 11¹n
767 1535 842 1599 libris
850 1541 992 1600 Turonen.
1005 1553 1154 1616 parvorum

91 1644 114 1692 et
125 1651 172 1712 pro
181 1633 311 1714 expensis
323 1647 350 1696 et
364 1633 497 1697 interesse
507 1634 573 1696 inde
586 1634 727 1698 sustentis.

128 1729 190 1808 384.
207 1736 287 1805 ltem,
302 1729 386 1811 qued.
398 1730 476 1794 litera
482 1731 572 1813 sigillo
581 1731 655 1794 dom¹
667 1729 778 1814 Aymari
792 1730 828 1793 de
838 1729 963 1794 Pictavia
975 1729 1003 1792 in
1023 1730 1155 1810 pendenti

92 1823 208 1904 sigillata,
230 1826 334 1911 scripta
348 1826 399 1890 sub
413 1847 487 1892 anno
513 1828 567 1892 uni
582 1833 845 1896 M⁰ll⁰thxXllll⁰‚
876 1826 921 1890 die
949 1825 1077 1890 mercurii
1093 1840 1156 1908 post

92 1919 178 1984 lestunr
196 1922 271 1988 beati
281 1924 427 2002 vincentii,
442 1925 588 1988 continens
599 1924 674 2007 quod
685 1919 922 1988 dorinbdemarus
934 1923 1075 2005 predictus
1089 1942 1156 1987 con·

92 2015 169 2082 lessus
183 2020 235 2084 fuit
246 2041 278 2084 se
290 2035 387 2085 tenere
402 2021 544 2084 baroniam
562 2035 592 2086 et
612 2021 725 2086 leudum
741 2020 856 2085 baronie
883 2034 957 2086 terre
983 2019 1099 2084 Clariaci
1127 2035 1156 2086 et

95 2117 169 2196 Rupis
188 2118 224 2180 de
244 2118 315 2200 cluy
328 2132 426 2182 tenere
439 2119 602 2184 reddibilem
618 2141 635 2182 a
649 2119 727 2182 dom⁰
745 2118 888 2200 delphino,
904 2131 932 2182 et
950 2117 1152 2188 comessionem

95 2225 141 2274 etc.
153 2213 237 2294 ipsius
252 2213 329 2278 dom.
347 2217 475 2280 Ademari
491 2217 528 2288 de
540 2218 669 2300 homagio
686 2217 751 2282 inde
764 2216 869 2280 debito.

130 2311 190 2390 385.
209 2318 289 2388 ltem,
303 2313 389 2394 quod.
418 2314 538 2378 vidimus
560 2329 717 2378 emanatum
738 2314 774 2378 ab
792 2313 901 2377 officiali
930 2313 1151 2394 Gracionppolis,

93 2406 235 2470 conlectum
251 2429 335 2472 manu
350 2411 484 2474 iohannis
503 2411 663 2476 amandum
692 2425 721 2476 et
749 2410 935 2492 subscriptum
957 2421 986 2474 et
1013 2409 1154 2492 signalum

1 2491 2 2510 ¹
95 2503 206 2568 manibus
235 2505 381 2570 Raimundi
397 2509 487 2572 villeri
500 2523 530 2575 et
547 2509 680 2581 lobannis
696 2509 731 2574 de
748 2508 825 2584 Valle
843 2506 1013 2584 notariorum
1034 2507 1152 2588 publio,

80 2598 219 2667 „subatro
235 2604 350 2667 nativit.
375 2606 429 2668 oni
457 2613 708 2684 muncxxxruu,
725 2617 757 2684 tp
775 2606 885 2684 indict,
918 2606 967 2682 die¹
994 2618 1033 2680 ῳ
1052 2609 1155 2690 nensis

94 2693 160 2774 junii,
175 2699 252 2778 cujus
269 2699 401 2781 originale
416 2703 539 2766 continet
554 2703 712 2784 homagium
736 2702 935 2785 dom¹Aymari
956 2702 995 2765 de
1016 2702 1151 2780 Bietaxia,

97 2793 192 2874 comitis
208 2796 356 2880 Valentini,
371 2799 513 2878 prestitum
524 2800 602 2865 dour⁰
617 2791 748 2882 delphino
762 2819 813 2880 pro
839 2798 937 2862 castris
948 2799 1019 2860 infra
1034 2800 1153 2881 scriptis,

96 2890 169 2954 videl
184 2913 234 2974 pro
244 2895 343 2958 castris
356 2896 457 2959 Montis
471 2896 556 2976 clari,
572 2904 693 2976 verone,
709 2895 790 2969 Podii
810 2895 901 2974 Acuti,
921 2895 1111 2978 Mon(asterii)
1126 2910 1154 2962 er

95 2986 187 3064 juribus
198 2991 360 3054 eorumdem
362 2993 536 3070 secundum
546 3007 774 3066 connnenttam
758 2991 934 3058 tlonnam
926 3011 954 3054 m
967 2991 1057 3072 dicto
1050 3005 1154 3068 rustru

96 3100 177 3150 uento
191 3089 330 3152 confecto.

132 3185 190 3262 386.
209 3194 277 3250 item
296 3187 369 3250 illico
385 3201 525 3269 repertum
536 3187 587 3250 luit
601 3188 735 3270 originale
751 3207 834 3269 supra
854 3186 1039 3269 designatum,
1064 3184 1154 3264 scrip-

95 3289 145 3340 tum
159 3282 252 3364 ma(nu
266 3284 404 3366 Ai>monis
417 3284 540 3349 ortolani
556 3285 656 3350 noturii
666 3285 758 3366 publ„
774 3285 826 3350 sub
841 3304 915 3362 anno
932 3283 986 3346 uni
1000 3275 1153 3357 M⁰CC⁰XC

96 3379 173 3453 vill,
194 3380 239 3470 die
254 3393 308 3442 νιιὃ
321 3381 496 3462 septembris,
515 3395 567 3444 rura
587 3381 697 3460 indict,
724 3382 870 3446 continens
890 3381 918 3443 in
942 3379 1044 3449 ellectu
1065 3376 1155 3448 verba

95 3490 140 3552 que
152 3479 272 3559 superius
287 3479 412 3560 proxime
421 3492 595 3556 enarrantur.

132 3572 191 3652 387.
215 3583 294 3654 Item,
314 3576 400 3657 quod.
416 3577 555 3658 publicum
565 3577 777 3651 instrumentum
793 3576 924 3656 scriptum
939 3591 1021 3636 manu
1037 3572 1154 3636 Bartho-

94 3665 167 3730 lomei
192 3671 226 3733 de
253 3671 388 3750 privatio,
417 3672 585 3738 vivariensis
612 3674 741 3750 diocesis,
769 3672 822 3736 sub
848 3690 921 3733 anno
944 3677 1081 3750 lncarnat.
1100 3670 1154 3732 Diri

96 3768 209 3829 li⁰CCC0
223 3776 311 3847 V1110,
327 3769 412 3832 videl.
426 3769 471 3834 die
482 3770 545 3834 lesti
559 3771 584 3834 b¹
603 3770 752 3845 Laurentii,
767 3768 911 3830 continens
936 3765 1153 3848 recognitionem

94 3857 184 3926 lacum
195 3865 273 3928 domo
283 3867 401 3929 iohanni
413 3868 544 3950 dalphino
558 3867 707 3934 Viennensi
719 3885 770 3947 per
783 3866 859 3928 dom.
875 3871 1024 3948 Aymarum
1041 3862 1076 3927 de
1091 3863 1154 3937 Ric-

95 3958 171 4038 tavia,
181 3963 224 4044 qui
234 3963 378 4026 confessus
387 3963 438 4027 fuit
447 3985 477 4028 se
487 3979 583 4027 tenere
593 3984 609 4026 a
619 3964 694 4027 dicto
702 3963 777 4024 dom.
787 3962 917 4044 dalphino
927 3960 955 4024 in
964 3959 1076 4023 feudum
1085 3971 1113 4022 et
1120 3959 1155 4022 de

93 4055 169 4122 leudo
182 4060 265 4142 ipsius
273 4062 370 4140 turrim
382 4062 532 4144 antiquam,
543 4061 628 4140 salam
643 4074 671 4134 et
684 4060 803 4142 burgum
818 4058 945 4138 castride
962 4057 1056 4136 Stella,
1072 4070 1155 4146 prput

93 4153 308 4240 inindumentis
315 4161 619 4244 tesomicinnunalins
627 4163 761 4240 faturum
774 4160 940 4249 romonum
950 4158 1018 4238 item
1026 4157 1068 4236 its
1079 4155 1152 4239 qpod
