2842 4900
6 661 8 676 μ
92 585 303 666 rocognlcionem
323 587 424 652 iactam
451 589 532 652 dom⁰
545 588 687 670 delphino,
718 603 749 652 ut
767 586 881 650 domino
897 587 1090 661 Baroniarutu,
1106 605 1157 668 per

6 719 8 762 ι
93 682 159 744 dont.
181 683 317 746 Poncium
340 684 375 754 de
403 692 554 750 Remusato
581 685 705 761 militem,
727 684 794 748 alias
816 684 922 748 dictum
947 684 1156 760 cornillanum,

6 767 8 826 l
92 777 171 859 primo
182 778 217 842 de
228 779 317 844 tribus
330 781 454 862 partibus
469 781 553 848 castri
575 795 604 846 et
615 781 797 862 juridictionis
812 779 848 844 de
871 787 947 843 Doro
962 779 1038 843 Furti
1052 779 1158 860 vapin-

6 877 7 906 ³
92 893 147 936 cen.
165 874 295 954 diocesis,
309 891 339 940 et
351 878 388 940 de
402 878 530 942 omnibus
544 899 598 961 que
611 893 688 944 tenet
700 879 729 940 in
743 877 818 942 dicto
835 890 928 940 castro
955 876 1002 940 vel
1017 877 1086 939 alius
1106 895 1157 958 pro
1189 923 1193 934 .

93 991 133 1048 eo,
145 973 208 1035 item
216 973 253 1036 de
267 987 368 1036 octaua
382 988 461 1056 parte
473 976 559 1038 castri
573 987 601 1040 et
612 975 783 1055 juridicionis
794 973 877 1037 castri
890 973 927 1036 de
944 979 1052 1036 Autana
1065 972 1110 1034 siti
1129 972 1159 1036 in

93 1071 196 1154 dyocesi
217 1071 361 1134 Sitariensi
370 1086 398 1136 et
410 1072 446 1136 de
460 1072 588 1136 omnibus
597 1092 651 1154 que
667 1083 744 1136 tenet
759 1071 873 1134 indicto
887 1084 990 1147 castro,
1006 1083 1035 1134 et
1050 1069 1087 1134 de
1096 1089 1159 1134 rne-

7 1221 8 1228 ,
92 1168 184 1232 dietate
199 1189 251 1250 pro
273 1168 393 1234 indiviso
407 1170 490 1233 castri
502 1176 598 1234 Penne
612 1169 703 1232 Fortis
717 1169 791 1232 dicte
806 1167 936 1244 diocesis,
947 1167 1013 1230 item
1023 1168 1059 1230 de
1069 1166 1156 1248 quod.

93 1265 206 1328 delienso
220 1267 257 1329 de
278 1266 354 1329 erbis
376 1279 409 1329 et
426 1267 597 1341 nemoribus,
616 1266 690 1348 quod
714 1265 868 1328 dellensum
888 1265 1039 1346 vulgariter
1059 1265 1160 1344 appel-

91 1359 153 1422 latur
165 1362 279 1438 nlauso,
295 1363 372 1426 etde
387 1363 562 1443 juridictione
576 1363 701 1426 castride
719 1369 789 1424 Fara
800 1361 872 1425 etde
885 1361 1013 1424 omnibus
1037 1361 1158 1443 hiis-que

8 1517 9 1522 ,
91 1455 195 1518 tenetin
206 1471 300 1520 castro
311 1447 414 1522 Sancto
432 1459 555 1522 Eulemie
569 1473 597 1523 et
610 1459 686 1522 dev⁸
698 1459 820 1524 sestariis
835 1477 925 1522 avene
941 1472 970 1522 et
990 1475 1039 1522 νιιι
1058 1459 1156 1522 denar.

8 1639 9 1642 Ἴ
91 1553 255 1616 censualibus
269 1573 325 1636 que
339 1556 456 1638 percipit
466 1557 493 1618 in
510 1557 647 1622 castrode
665 1555 811 1620 Leborello
829 1578 836 1618 :
858 1575 913 1639 que
931 1555 1057 1638 predicta
1070 1555 1159 1618 lacius

8 1673 10 1738 ’χ
92 1647 257 1714 declarantur
279 1653 308 1714 in
332 1652 407 1718 dicto
425 1653 520 1718 instro
533 1654 609 1736 quod
627 1653 1045 1737 scriptumest(u21294),die
1071 1665 1158 1716 rrvrna

94 1747 185 1810 mensis
199 1747 270 1828 julii.

9 1843 10 1866 ³
130 1864 211 1926 ¹3⁰4·
228 1854 309 1925 Item,
324 1848 410 1930 quod.
422 1849 459 1912 al.
473 1849 684 1913 instrumentum
700 1847 846 1914 continens
858 1847 1082 1930 recognicionem
1097 1848 1159 1912 lac-

93 1955 142 2006 tam
156 1943 399 2020 domfflumbeno
416 1946 547 2029 dalphino
564 1945 713 2010 Viennensi
727 1958 755 2008 et
768 1945 882 2009 Albonis
891 1944 985 2008 comiti
999 1944 1159 2026 dominique

9 2047 10 2132 ἐ
94 2039 124 2102 de
135 2039 228 2106 'Turre
250 2062 302 2124 per
321 2042 442 2108 nobilem
457 2044 535 2108 dom.
553 2044 715 2107 Rocelinum
733 2043 875 2114 dominum
891 2041 998 2104 Lunelli
1013 2054 1041 2104 et
1056 2041 1160 2105 Montis

9 2147 10 2176 l
92 2135 192 2215 Albani,
207 2158 336 2202 asserens
351 2159 382 2204 se
397 2154 493 2204 tenere
505 2153 534 2203 et
545 2153 641 2204 tenere
657 2139 761 2204 debere
775 2154 804 2204 et
816 2139 888 2204 velle
904 2139 932 2201 in
946 2138 1061 2200 baronia
1073 2146 1160 2200 Mon-

94 2233 123 2296 tis
140 2235 234 2298 Albani
253 2237 433 2314 et·tenuisse,
455 2251 540 2320 prout
558 2237 659 2300 nobilis
676 2238 720 2300 vir
738 2238 814 2302 dom.
842 2245 1017 2318 Dragonetus
1039 2235 1159 2298 condam

8 2357 9 2418 ι
93 2332 206 2412 tenebat,
218 2347 309 2398 castra
322 2335 393 2398 inira
407 2335 509 2417 scripta
519 2353 582 2398 cum
597 2335 689 2411 terris,
706 2334 784 2411 viris,
804 2333 976 2416 pertinentiis
994 2346 1023 2396 et
1042 2332 1161 2394 manda·

96 2429 184 2494 mentis
197 2433 371 2508 eorumdem,
386 2433 422 2496 de
429 2433 513 2496 leudo
522 2446 551 2496 et
561 2433 614 2498 sub
623 2433 745 2496 dominio
753 2433 898 2496 memorati
907 2432 984 2496 dorn.
997 2429 1118 2511 dalphini
1132 2442 1161 2494 et

9 2533 10 2562 ³
96 2527 313 2607 predecessorum
327 2527 451 2607 suorum,
467 2544 496 2594 et
508 2531 596 2594 eciam
610 2531 771 2595 fidelitatem
786 2531 852 2594 lecit
867 2529 977 2607 eidem3
996 2542 1087 2591 castra
1096 2541 1161 2591 sunt

10 2611 11 2686 ἶ
97 2624 909 2709 lec,videl.castrumlllontislllbani,castrumdellyomis,
926 2638 1047 2696 castrum
1058 2623 1161 2688 Montis
1207 2617 1213 2625 ’

11 2769 12 2810 3
98 2723 1161 2808 Guersii,castrumSancteEulemieetcastrunrverceyrani,etomnejusquod

11 2821 12 2882 3
98 2819 276 2903 sibicompetit
287 2836 316 2884 et
322 2838 481 2905 competere
498 2837 590 2904 potest
603 2836 631 2886 et
644 2823 729 2886 debet
741 2823 770 2884 in
784 2823 905 2886 futurum
920 2823 949 2886 in
963 2836 1055 2886 castro
1067 2821 1161 2884 Sancti

98 2916 194 2996 Albani,
205 2920 414 2996 mandamento,
429 2920 568 2986 territorio
582 2934 611 2983 et
624 2919 796 3002 pertinentiis
811 2920 946 3000 ejusdem,
961 2921 1064 2982 lactum
1078 2938 1161 2980 manu

99 3016 218 3096 lyrnonis
234 3017 270 3080 de
284 3017 425 3080 Chessinis
440 3017 519 3099 publ.
531 3017 643 3093 notarii,
659 3015 712 3080 sub
729 3036 802 3079 anno
826 3023 936 3080 lucam.
960 3015 1084 3094 ejusdem
1108 3013 1162 3076 uni

101 3118 289 3192 tl⁰cc⁰xc⁰1⁰,
305 3116 391 3180 indic.
409 3130 474 3194 tura,
492 3115 538 3178 die
550 3116 614 3180 lune
627 3128 691 3196 post
706 3114 885 3195 Epiphaniam
903 3112 1023 3176 Domini.

137 3229 215 3294 ¹305·
231 3221 312 3290 ltem,
327 3213 414 3295 quod.
429 3213 466 3276 al.
484 3211 851 3294 instrumentumcontinens
867 3209 972 3291 quand.
985 3208 1163 3290 recognicio-

101 3324 153 3372 nen
165 3307 264 3374 iactam
279 3310 364 3374 nobili
379 3310 439 3373 viro
454 3311 530 3374 dom.
550 3318 709 3392 Dragoneto
728 3309 831 3373 Montis
843 3307 941 3370 Albani
955 3307 1068 3372 domino
1083 3319 1111 3370 et
1127 3305 1163 3370 ab

101 3401 150 3480 ejus
158 3408 401 3488 predecessoribus
414 3422 442 3472 et
455 3408 490 3472 ab
500 3407 649 3472 heredibus
673 3420 701 3470 et
723 3405 931 3470 successoribus
946 3403 1069 3484 ejusdcm
1084 3403 1161 3466 dom.

11 3501 12 3506 ’
104 3506 241 3586 Dragoneti
256 3526 307 3588 per
320 3506 479 3588 religiosum
492 3506 583 3568 virum
598 3506 674 3569 dom.
692 3504 883 3578 Ronsolinum,
901 3503 1061 3584 magistrum
1069 3516 1164 3566 sancte

104 3597 188 3666 domus
201 3603 302 3666 milicie
316 3603 425 3685 Templi
438 3604 465 3666 in
477 3602 636 3678 Provincia,
648 3621 775 3664 asserens
789 3621 820 3663 se
828 3614 925 3664 tenere
939 3613 968 3664 et
980 3599 1165 3664 teneredebe·

105 3713 129 3757 re
138 3697 163 3760 in
174 3700 285 3764 feudum
294 3702 420 3764 francum
432 3715 460 3764 et
473 3703 638 3764 honoratum
652 3699 780 3782 quidquit
795 3697 870 3761 dicta
882 3697 982 3760 domus
997 3697 1105 3778 Templi
1115 3715 1165 3760 seu

13 3835 14 3838 =
104 3793 161 3858 alius
178 3816 226 3860 seu
238 3798 282 3862 alii
303 3799 415 3878 nomine
433 3798 506 3862 dicte
526 3795 625 3860 domus
648 3803 683 3859 T.
711 3797 826 3869 habent,
840 3807 937 3860 tenent
951 3815 1000 3858 seu
1021 3794 1166 3878 possident

106 3891 143 3953 vel
153 3895 226 3974 quasi
243 3909 271 3959 et
284 3896 399 3972 habere,
414 3909 509 3960 tenere
523 3915 572 3960 seu
587 3893 731 3976 possidere
744 3893 789 3956 val
814 3893 892 3975 quasi
905 3891 1011 3958 debent
1024 3893 1054 3956 in
1072 3905 1165 3956 castro

108 3986 138 4050 de
155 3990 292 4056 Vinsubris
305 3993 380 4055 intus
393 4005 421 4056 et
434 4004 512 4056 extra
525 4011 574 4054 seu
588 3991 616 4054 in
631 4003 791 4054 tenemento
803 4009 853 4052 seu
864 3988 1039 4066 tenementis,
1055 3988 1166 4054 territo·

109 4083 144 4147 rio
157 4106 203 4150 seu
214 4089 337 4154 districtu
350 4105 593 4172 quantumcunque
607 4109 637 4152 se
650 4088 812 4165 extendant,
824 4108 937 4170 quoquo
947 4087 1058 4150 nomine
1067 4084 1166 4167 appel·

109 4180 187 4246 lentur
201 4205 248 4248 seu
258 4201 431 4266 senseantur,
450 4189 514 4253 licet
528 4187 652 4270 predicta
667 4187 744 4250 bona
759 4186 814 4250 sint
827 4184 886 4248 sive
902 4185 1055 4248 consistant
1069 4183 1097 4244 in
1111 4194 1167 4244 sta·
