2842 4900
3 405 5 492 I

503 503 539 516 ..
564 483 681 547 207..

70 607 168 683 IIayreu
190 599 354 662 domicellus
377 598 505 662 vendidit
534 597 689 663 Ilumberto
713 595 827 661 domino
855 599 1004 662 herestelli
1028 595 1128 682 quood.

69 717 153 761 oensus
166 697 195 759 in
204 697 265 778 ipsa
279 697 370 760 littera
384 709 542 760 contentos.

3 765 5 866 l
104 814 180 875 1¹55·
198 800 278 869 Item,
297 794 383 876 quod.
399 793 477 874 publ.
496 793 708 856 instrumentum
733 793 866 874 scriptum
895 813 978 856 manu
1000 793 1132 856 Iohannis

3 871 5 960 l
68 891 138 952 vaehi
152 891 250 952 notarii
269 889 348 971 publ.
364 889 416 952 sub
436 909 510 952 anno
536 890 590 951 uni
616 895 844 964 m⁰cc⁰tx⁰tx⁰‚
872 889 917 952 die
931 890 1132 978 mercuriipost

68 987 167 1049 uetabas
181 986 270 1049 saneti
281 987 435 1062 Michaelis,
450 987 596 1050 continens
609 987 834 1068 recognicionem
848 1001 877 1052 et
892 989 1051 1072 homagium
1072 990 1133 1053 lae-

4 1139 5 1146 ,
67 1097 114 1144 tum
125 1083 259 1146 mineram
274 1102 325 1165 per
341 1083 413 1146 dnos
429 1084 613 1154 humbertum
628 1097 656 1147 et
671 1085 832 1147 hncelmum
842 1091 857 1146 J
862 1085 958 1148 offredi
967 1087 1067 1150 fratres
1083 1087 1133 1150 do-

67 1182 128 1244 mitto
137 1181 257 1246 IIeulani
271 1195 300 1246 et
315 1181 465 1247 llorestelli
480 1183 509 1245 ln
525 1182 684 1258 Viennesio,
701 1195 729 1245 et
743 1182 861 1264 plurium
876 1183 991 1247 aliorum
1008 1185 1036 1247 in
1057 1184 1132 1248 dicto

4 1313 5 1320 τ
66 1278 141 1342 instr¹⁰
156 1293 361 1344 contentorum.

103 1378 182 1459 1156.
204 1385 285 1457 Item,
306 1378 391 1460 quod.
415 1377 492 1459 publ.
514 1379 726 1444 instrumentum
746 1381 878 1462 seriptum
900 1399 983 1443 manu
1009 1379 1133 1464 magistri

66 1475 117 1536 Iuh.
131 1476 216 1538 Vachi
229 1476 282 1538 sub
293 1493 366 1539 anno
379 1476 433 1538 uni
444 1482 675 1556 hI⁰CC⁰LII⁰III0,
694 1479 840 1541 continens
866 1479 1024 1560 homagium
1052 1495 1134 1561 pres·

67 1571 132 1633 titum
140 1591 192 1654 per
206 1572 380 1635 Bernardum
389 1572 424 1634 de
440 1581 555 1656 Mayreu
571 1575 685 1638 domino
701 1575 821 1638 Meolani
838 1590 867 1638 et
882 1577 1034 1640 Morestelli
1045 1591 1074 1641 et
1085 1597 1134 1640 re·

67 1670 244 1750 cognitionem
258 1687 310 1751 per
324 1670 451 1734 eumdem
464 1672 566 1734 iactam
582 1671 618 1734 de
634 1672 685 1734 hiis
702 1691 756 1753 que
769 1671 884 1734 tenebat
898 1673 934 1734 ab
948 1691 993 1734 eo.

6 1788 10 1810 ·
102 1787 183 1849 1157.
211 1773 292 1846 Item,
313 1769 397 1850 qued.
424 1769 514 1832 littera
536 1770 565 1831 in
585 1769 716 1851 pendenti
743 1770 853 1832 duobus
886 1770 982 1852 sigillis
1003 1771 1130 1852 sigillata,

67 1867 154 1947 scripta
171 1866 223 1928 sub
239 1883 312 1928 anno
338 1867 392 1929 uni
417 1873 667 1943 moccotxovllo,
690 1868 735 1930 die
760 1869 855 1931 martis
874 1881 937 1949 post
955 1868 1132 1931 Nativitatem

66 1963 133 2025 beate
148 1963 246 2039 Marie,
263 1964 408 2028 continens
434 1965 658 2046 recognicionem
682 1965 783 2029 laetam
814 1983 865 2048 per
891 1965 1063 2028 Guiilredum
1097 1968 1133 2028 de

3 2097 5 2100 -
67 2059 162 2124 viriaco
175 2060 254 2123 dom⁰
268 2060 382 2124 Alberto
403 2060 516 2125 domino
531 2062 567 2124 de
581 2068 671 2124 Turre
685 2077 713 2125 et
731 2064 889 2144 homagium
916 2062 1010 2143 ligium
1043 2061 1132 2126 eidem

68 2157 197 2236 prestitum
211 2174 263 2240 per
276 2158 406 2220 eundem.

4 2295 6 2300 ,
102 2257 181 2336 1158.
195 2263 275 2333 Item,
292 2256 378 2338 quod.
398 2255 476 2337 publ.
500 2255 712 2320 instrumentum
741 2258 873 2340 seriptum
891 2273 974 2320 manu
1000 2258 1133 2321 Iohannis

68 2351 157 2431 vache,
173 2353 226 2416 sub
242 2370 317 2416 anno
332 2352 386 2415 Dr'ri
415 2357 642 2431 nrccuxum,
674 2353 759 2416 indic.
784 2373 835 2432 nrt,
851 2354 896 2417 die
913 2354 1001 2418 sabati
1015 2355 1043 2417 in
1061 2355 1133 2419 festo

68 2455 155 2514 sancte
168 2452 277 2530 Crucis,
291 2452 436 2514 continens
449 2451 607 2532 homagium
632 2449 727 2532 ligium
747 2451 891 2533 prestitum
905 2470 956 2533 per
976 2452 1132 2515 Guidonem
1147 2497 1152 2504 .

69 2548 185 2628 Lyatardi
207 2561 237 2611 et
254 2548 405 2611 loffreduni
423 2549 555 2633 Lyatardi
569 2548 649 2610 dom⁰
670 2549 803 2612 Ancelmo
821 2548 934 2613 domino
964 2550 1083 2614 Meolani
1106 2514 1156 2626 etl

69 2644 215 2708 herestelli.

104 2759 182 2824 ¹¹59·
199 2747 280 2818 Item,
295 2741 380 2823 qued.
396 2741 492 2804 lietera
505 2741 533 2803 in
556 2741 687 2822 pendenti
711 2742 840 2823 sigillata,
858 2743 960 2825 scripta
982 2743 1035 2806 sub
1059 2762 1132 2808 anno

69 2839 114 2900 uni
138 2845 369 2915 tuccetxotxt,
393 2838 539 2903 continens
564 2839 639 2921 quod
660 2839 867 2902 administrator
898 2840 1074 2904 baroniarum
1097 2842 1133 2905 de
1157 2865 1160 2872 ·

69 2939 144 2998 turre
164 2948 192 3000 et
209 2937 246 2998 de
268 2935 420 2999 coloniaco
441 2935 592 2999 mandabat
618 2937 700 2999 domo
715 2938 833 3020 hymoni
859 2938 895 3000 de
918 2939 1083 3000 nossttti0ne
1105 2951 1133 3001 et

70 3037 142 3094 Petro
155 3034 212 3114 ejus
218 3033 276 3096 lilio
290 3049 321 3096 ut
335 3045 571 3113 recognoscerent
586 3032 756 3115 homagium,
768 3034 797 3095 in
813 3051 869 3114 quo
880 3033 1047 3096 tenebantur
1057 3033 1132 3096 dicto

69 3127 167 3192 domino
185 3131 221 3194 ele
246 3138 348 3208 Turre,
380 3128 522 3196 Guillredo
536 3127 592 3192 tilio
609 3130 731 3193 hneelnti
753 3129 867 3214 domino
895 3129 931 3192 de
956 3130 1083 3192 IIeolano
1105 3141 1133 3191 et

71 3229 216 3292 hormtelli.

107 3326 182 3389 neo.
201 3333 282 3402 Item,
301 3326 388 3406 quod.
414 3326 492 3407 publ.
520 3326 732 3390 instrumentum
752 3325 884 3406 scriptum
910 3339 993 3385 manu
1010 3323 1060 3386 Dei
1074 3323 1133 3387 Filii

72 3423 133 3484 sacri
146 3424 249 3506 imperii
264 3424 377 3499 notarii,
394 3424 446 3486 sub
464 3443 537 3486 anno
556 3424 610 3486 Dr'ti
634 3428 883 3497 II0CC0LII011110,
911 3419 1076 3497 iudicent,
1101 3429 1133 3481 tt⁰
1157 3479 1158 3490 ,

71 3533 147 3580 nonas
159 3521 232 3596 maii,
249 3521 397 3584 continens
408 3521 484 3602 quod
497 3521 573 3584 dom.
583 3528 672 3604 Aymo
686 3521 721 3582 de
733 3519 870 3582 Rossillon
882 3517 1007 3599 promisit
1025 3535 1075 3598 per
1088 3517 1135 3597 ju-

5 3687 6 3690 ,
71 3629 208 3680 torrentum
223 3637 303 3680 suum
319 3608 487 3681 acomodare
508 3632 537 3681 et
556 3618 667 3680 tradere
681 3616 813 3680 hncelmo
825 3615 938 3678 domiuo
952 3613 987 3676 tle
1004 3613 1133 3677 Meolano

71 3723 95 3770 et
104 3715 244 3778 herestelli
257 3715 371 3778 domum
386 3733 463 3778 suam
476 3716 511 3777 de
528 3715 688 3780 thorestello
701 3728 730 3777 et
743 3714 855 3776 domum
871 3729 949 3775 suam
961 3711 996 3775 de
1012 3717 1133 3774 Nemore

71 3810 307 3895 quodensemnque
322 3813 469 3894 nannenus
475 3812 558 3875 luerit
568 3812 605 3875 ad
619 3813 775 3876 laciendum
790 3827 918 3892 guerram
929 3823 958 3872 et
971 3827 1066 3890 eaque
1082 3807 1133 3892 sibi

71 3911 211 3972 necessaria
221 3911 333 3973 luerint.

111 3999 187 4067 ner.
219 4013 297 4090 Item,
326 4007 412 4088 qued.
431 4007 521 4069 h'ttera
547 4006 657 4069 duobus
681 3998 777 4086 stgttttl
802 4005 978 4088 inpendenti
1002 4005 1131 4088 sigillata,

72 4099 163 4180 scripta
186 4103 236 4166 sub
256 4123 330 4167 anno
349 4104 403 4166 Dhi
429 4097 669 4186 lh⁰oe⁸(1.⁰)VII⁰,
693 4121 788 4164 meuse
816 4103 960 4179 decenbri,
988 4104 1133 4166 continens

72 4199 278 4278 recogmcionem
303 4203 404 4266 lectam
427 4201 541 4263 domino
571 4200 721 4264 Morestelli
738 4219 788 4279 per
820 4207 933 4263 Petrum
954 4200 1076 4281 Aynardi
1105 4212 1133 4259 et
