2844 4900
573 471 612 486 ··
633 459 671 520 99
691 473 731 486 ··
785 519 789 532 ,

155 589 222 652 499.
243 561 276 634 m
293 567 322 633 in
338 573 433 654 primis
449 569 560 656 'reperte
575 574 686 636 luerunt
698 573 727 635 in
746 573 827 635 dictis
839 572 1028 635 instrumentis
1041 585 1069 636 et
1084 572 1186 636 iicteris

121 667 231 748 quedam
247 667 343 730 lictere
362 669 464 750 scripte
479 688 553 733 anno
567 670 603 733 ab
623 669 819 732 incarnacione
835 669 944 732 Domini
964 676 1007 731 Μο
1021 675 1067 731 CC
1081 675 1183 746 XXXl,

120 763 200 826 tercio
212 764 347 827 kalendas
358 765 499 844 febroarii,
516 765 651 848 Gregorio
667 783 742 828 nono
758 785 841 847 papa,
858 765 985 828 Fredelio
1000 771 1186 828 Romanorum

6 867 8 936 ἦ
121 860 282 942 imperatore
305 863 498 938 existentibus,
523 863 639 944 sigillate
664 881 713 924 ser
731 862 826 943 sigillis
842 875 870 924 et
890 861 949 925 aliis
969 882 1019 925 sex
1042 862 1136 944 sigillis
1156 875 1187 924 ut

7 957 8 1040 J
122 973 231 1040 apparet
249 961 278 1022 in
296 961 390 1023 cordis
404 957 544 1042 suspensis
563 960 591 1022 in
605 960 672 1041 ipsis
685 959 798 1036 litteris,
815 960 989 1024 continentes
1005 961 1078 1042 quod
1096 959 1186 1042 Guigo

7 1049 8 1093 ³
121 1055 152 1117 de
172 1057 344 1120 Brianczono
363 1071 391 1120 et
411 1057 572 1140 Eymericus
592 1056 627 1118 de
644 1056 818 1119 Brianczono
831 1075 898 1119 suus
909 1055 980 1118 filius
998 1074 1187 1138 recognosce-

6 1203 7 1232 2
120 1151 181 1216 bant
202 1151 232 1216 s'e
252 1167 349 1218 tenere
365 1173 382 1216 a
402 1155 480 1218 dom⁰
499 1153 611 1217 Andrca
634 1153 765 1234 dalphino
784 1167 874 1216 castra
896 1153 932 1214 de
950 1154 1081 1216 Terracia
1103 1167 1131 1216 et
1151 1153 1187 1215 de

6 1239 8 1326 ζ
120 1250 206 1326 Geria,
222 1270 286 1314 cum
299 1250 499 1315 mandamentis
521 1264 549 1314 et
563 1250 711 1314 territoriis
724 1249 878 1326 reddibilia,
895 1249 946 1313 sub
966 1250 1101 1332 homagiis
1115 1250 1187 1333 ligiis

6 1333 8 1428 ,i
121 1361 145 1409 et
165 1349 216 1410 sub
241 1348 368 1429 pluribus
393 1348 568 1431 pactionibus
593 1360 621 1410 et
646 1347 876 1410 contentionibus
900 1347 1037 1411 contentis
1065 1347 1093 1410 in
1119 1347 1187 1430 ipsis

7 1462 8 1475 ¹
120 1443 226 1508 icteris.

159 1560 222 1622 500.
240 1549 310 1604 ltem
325 1542 436 1605 fuerunt
449 1555 559 1624 reperte
571 1541 654 1623 qued.
666 1541 718 1604 alie
729 1541 825 1604 lictere
837 1540 1010 1604 continentes
1019 1540 1094 1623 quod
1107 1540 1184 1604 dom.

121 1638 276 1718 Eymericus
297 1638 333 1700 de
355 1639 528 1701 Brianczono
542 1638 706 1720 recognovit
728 1656 758 1700 se
777 1651 873 1700 tencre
892 1637 921 1700 in
942 1637 1056 1700 feudum
1074 1657 1090 1700 a
1109 1638 1186 1700 dom⁰

120 1735 223 1796 Andrea
238 1734 370 1816 delphino
384 1736 514 1818 quicquid
529 1734 613 1797 habet
628 1735 658 1797 in
678 1748 769 1797 castro
784 1749 812 1797 er
830 1734 1024 1804 mandamento
1045 1735 1080 1798 de
1098 1735 1187 1798 Bella·

120 1830 223 1906 comba,
242 1851 298 1912 que
312 1830 407 1893 lictere
421 1831 537 1913 sigillare
558 1845 623 1894 sunt
640 1830 760 1913 quinque
778 1830 873 1912 sigillis
895 1844 923 1893 et
939 1831 1041 1913 scripte
1060 1850 1134 1894 anno
1149 1831 1186 1894 ab

122 1932 257 1990 lncarnac.
271 1927 326 1990 oni
338 1935 424 1991 lucc
440 1936 566 2004 XXXVI,
581 1947 628 1990 xvt
643 1927 755 1990 kalend.
767 1927 887 2010 augusti.

161 2043 221 2104 5⁰¹·
239 2032 319 2101 ltem,
332 2027 417 2108 qued.
433 2026 523 2107 littere
536 2025 654 2108 sigillate
670 2045 719 2088 sex
735 2025 830 2106 sigillis
844 2026 873 2088 iu
889 2026 1021 2107 pendenti
1037 2037 1066 2087 et
1083 2023 1187 2104 scripte

124 2119 264 2184 diemartis
277 2135 342 2204 post
355 2123 545 2186 lnuentionem
559 2130 659 2186 Sancte
670 2121 778 2200 Crucis,
793 2141 866 2184 anno
881 2123 934 2186 oni
946 2123 1182 2196 M⁰ll⁶llll¹¹lX⁰,

123 2219 287 2282 coruinentcs
306 2221 535 2300 permutationem
558 2221 657 2282 lamam
676 2237 726 2300 per
747 2220 923 2300 Eymericum
943 2220 978 2282 de
1000 2219 1183 2294 Brianczone,

125 2316 156 2378 de
168 2331 256 2380 castro
273 2317 349 2380 Belle
365 2317 483 2394 comba,
499 2336 561 2380 cum
576 2317 655 2378 dom⁰
671 2317 824 2379 llumberto
839 2317 1008 2398 dalphinoet
1020 2319 1098 2380 dom·
1108 2323 1186 2378 Anna

125 2411 179 2490 ejus
199 2427 337 2491 consorte,
363 2433 414 2496 pro
437 2428 528 2477 castro
550 2413 586 2476 de
610 2414 718 2491 Varsia,
740 2427 769 2476 et
789 2414 947 2495 homagium
971 2415 1114 2495 prestitum
1136 2429 1187 2494 per

123 2507 205 2586 ipsum
225 2510 399 2593 hymericum
413 2509 487 2573 dicto
506 2510 583 2572 dom.
606 2510 737 2590 delphino
758 2529 809 2590 pro
825 2510 901 2573 dicto
920 2523 1012 2573 castro
1028 2510 1064 2572 de
1076 2509 1184 2585 Varsia,

125 2603 279 2688 dehpbeno
292 2621 322 2670 et
335 2607 427 2670 Gen'a.
709 2601 715 2615 “
763 2685 767 2694 ὁ

165 2722 223 2782 502.
243 2711 323 2779 item,
338 2704 423 2786 qued.
444 2704 497 2766 alie
512 2702 602 2766 littere
620 2704 685 2765 date
701 2702 907 2784 Grationopolis
920 2703 966 2765 die
982 2703 1088 2765 luneio
1108 2721 1188 2765 cras-

127 2799 202 2862 tinum
222 2801 301 2864 beate
324 2800 410 2864 Marie
429 2799 619 2881 magdalenes,
639 2799 785 2861 annolini
808 2802 991 2876 M⁰ll⁰XC⁰l⁰,
1014 2799 1188 2862 continentes

14 2925 17 2934 =
40 2945 42 2950 .
129 2897 204 2958 eciam
222 2897 457 2979 permutacionem
475 2896 575 2958 factam
593 2915 650 2977 per
671 2895 779 2958 nobiles
800 2896 940 2972 odonem,
964 2895 1139 2958 Guillelmum
1160 2907 1188 2956 et

130 3001 279 3076 hymonem,
300 2994 373 3056 lilios
392 2994 528 3077 Epmerici
552 2994 587 3055 de
608 2994 793 3070 Brianczonc,
816 2993 852 3056 de
871 3007 963 3057 castro
983 2994 1059 3056 Belle
1080 2991 1187 3054 Combe

131 3109 182 3152 cun
194 3106 282 3156 castro
296 3092 332 3156 de
347 3092 455 3167 Varsia,
469 3091 547 3153 dom‘·
560 3090 692 3172 dalphino
704 3104 733 3153 et
745 3092 968 3173 recognitionem
982 3103 1137 3154 castrorum
1153 3087 1188 3150 de

132 3191 223 3270 latua,
239 3193 273 3254 de
285 3191 402 3274 hybeno
419 3204 447 3253 et
461 3191 497 3253 de
512 3190 606 3253 Geria.

167 3289 446 3370 503.1rem,quodd.
466 3287 606 3370 publicum
629 3288 840 3350 instrumentum
860 3288 992 3368 scriptum
1010 3305 1093 3348 manu
1112 3292 1191 3347 Hun-

133 3383 191 3447 berti
206 3387 283 3450 Pilati
296 3387 397 3450 notarii
411 3384 524 3467 publici,
545 3384 597 3448 sub
617 3403 691 3447 anno
706 3385 759 3446 Diri
775 3387 1043 3460 ll⁰lll⁰XXXllll¹⁰,
1062 3382 1108 3446 die
1127 3389 1190 3446 tntu

133 3485 219 3546 nensis
236 3483 344 3566 aprilis,
364 3481 509 3546 continens
532 3481 690 3562 homagium
713 3481 855 3562 prestitum
880 3500 929 3561 per
953 3479 1127 3542 Guillelmum
1152 3479 1189 3542 de

134 3580 216 3642 nulls
228 3581 270 3654 jde
290 3580 414 3644 avalone
437 3592 465 3642 et
486 3580 633 3642 terminum
649 3578 849 3660 assignationis
872 3578 907 3640 ad
930 3577 1188 3660 recognoscendum

135 3674 178 3750 iam
191 3677 321 3759 elapsum.

170 3790 228 3852 504.
251 3781 330 3850 hem,
354 3772 438 3854 quod.
462 3771 539 3854 publ.
564 3772 775 3834 instrumentum
794 3771 926 3852 scriptum
950 3791 1032 3836 manu
1057 3772 1191 3854 Guigonis
1300 3821 1302 3825 .

137 3867 272 3942 immenti,
296 3868 348 3930 sub
370 3887 442 3930 anno
465 3868 520 3930 Diri
542 3871 797 3945 ll⁰lll⁶XXXllll⁰‚
822 3868 867 3930 dic
884 3882 924 3929 xu
941 3871 1042 3932 mensis
1063 3869 1189 3950 januarii,

137 3963 265 4026 continens
274 3965 431 4046 homagium
444 3966 538 4046 ligium
550 3965 693 4046 prestitum
710 3985 760 4047 per
774 3965 928 4047 Guigonem
942 3967 1028 4030 Chala
1042 3965 1192 4029 Cumillio-

137 4058 174 4120 uis
184 4060 256 4122 dom0
269 4061 397 4144 dalphino
412 4075 440 4124 et
451 4062 598 4124 terminum
613 4061 656 4142 (ut
674 4063 753 4143 503).

177 4171 234 4235 5o5.
257 4165 335 4236 ltem,
359 4159 445 4240 quod.
471 4157 549 4238 publ.
576 4157 787 4220 instrumentum
811 4160 942 4240 scriptum
970 4179 1052 4222 manu
1081 4157 1190 4238 Martini
1272 4241 1274 4245 ,
