2936 4898
479 441 484 452 .
556 438 712 512 ‚⁶3-

109 563 245 626 Viennensi
262 582 293 628 se
306 581 370 626 esse
380 577 409 626 et
422 564 493 628 velle
506 583 568 628 esse
584 565 723 628 hominem
743 566 837 648 ligium
851 579 916 630 ante
928 585 1025 630 omnes
1041 567 1169 630 dominos

107 659 182 739 ipsius
190 659 268 720 dom.
286 659 420 740 dalphini,
436 661 543 724 ratione
557 661 672 726 baronia
683 676 757 725 terre
770 663 865 726 Turris
878 683 928 744 pro
943 665 1040 726 eastris
1056 663 1170 726 Bellivi-

107 777 146 818 sus
159 770 186 818 et
202 757 292 820 Pineti
317 771 457 820 eteorum
471 758 683 833 mandamentis,
709 760 794 822 videl.
818 774 937 823 castrum
966 761 1110 824 Bellivisus
1133 762 1169 824 ad

107 855 208 916 laudum
223 855 367 918 franchum
381 869 410 919 et
425 869 545 920 castrum
560 857 650 920 Pineti
666 858 812 936 reddibile,
828 872 856 920 et
879 859 998 940 homagii
1015 859 1170 940 prestacio-

107 969 161 1013 nem
170 971 221 1033 pro
235 952 379 1032 predictis.

144 1068 205 1128 3²3·
241 1057 321 1126 ltem,
348 1050 433 1132 qued.
457 1049 552 1116 lietera
579 1050 700 1131 quodam
716 1050 807 1132 sigillo
834 1050 862 1112 in
881 1051 1013 1132 pendenti
1040 1039 1167 1134 sigillata,

108 1147 199 1227 scripta
213 1147 266 1209 sub
280 1167 355 1210 anno
373 1148 460 1210 Driice
485 1155 594 1210 lncarn.
615 1150 838 1224 M⁰11⁶xxxvlt,
857 1157 888 1208 11⁰
908 1148 971 1210 idus
982 1149 1086 1230 aprilis,
1100 1169 1171 1212 con-

107 1243 187 1306 tinens
199 1245 275 1325 quod
287 1245 365 1306 dom.
384 1245 544 1308 Guillelmus
558 1243 594 1308 de
611 1244 761 1320 Bellovisu,
788 1245 873 1307 frater
899 1245 970 1307 dorni
989 1245 1113 1329 Syboudi
1135 1245 1171 1308 de

109 1340 247 1418 Belovisu,
275 1341 352 1404 dedit
368 1341 524 1404 donatione
540 1342 612 1406 inter
632 1341 712 1404 vivos
729 1340 804 1405 dicto
826 1341 961 1423 Syboudo
982 1356 1010 1404 et
1026 1341 1171 1404 Guillelmo

108 1437 158 1514 ejus
170 1436 225 1514 filio
237 1438 372 1519 quidquid
386 1438 454 1516 juris
467 1438 588 1504 habebat
598 1438 626 1500 in
638 1438 785 1502 medietate
798 1437 881 1500 castri
900 1438 936 1501 de
948 1439 1046 1501 Pineto
1062 1439 1173 1518 juridic-

108 1531 180 1595 t'onis
188 1535 323 1613 ejusdem.

146 1650 207 1711 324.
224 1640 304 1708 item,
330 1632 415 1713 qued.
432 1633 522 1696 littera
536 1633 653 1714 sigillata
673 1633 702 1696 in
717 1617 848 1713 pendenti
871 1635 991 1714 quodam
1005 1633 1105 1714 sigillo,
1120 1633 1173 1694 sub

110 1747 173 1790 anno
202 1737 312 1792 lncarn.
344 1730 397 1792 Drii
420 1737 651 1805 M⁰CC⁰XXllll⁰,
671 1729 817 1792 continens
832 1729 908 1810 quod
929 1729 1004 1820 dom.
1027 1728 1174 1808 dalphinus

111 1824 178 1886 dedit
189 1827 317 1906 Philippo
331 1840 358 1888 et
374 1827 511 1888 ademaro
525 1841 552 1888 et
567 1826 725 1889 Guiehardo
744 1827 877 1906 quasdam
894 1826 1083 1906 possessiones
1104 1843 1174 1905 quas

111 1921 214 1984 tenebat
223 1922 260 1985 ad
276 1942 387 1985 manum
403 1943 480 1986 suam
492 1923 520 1986 in
539 1923 623 2002 podio
636 1923 672 1986 de
687 1930 776 1985 Cruce
805 1936 833 1986 et
850 1923 877 1983 in
906 1923 990 2002 podio
1014 1921 1049 1984 de
1078 1929 1173 1982 Monte

114 2019 216 2095 cuchie,
233 2019 262 2080 in
274 2019 415 2082 territorio
425 2020 494 2083 Albe
510 2021 609 2100 Rippe,
628 2018 663 2080 ad
678 2039 791 2083 censum
803 2038 841 2080 xu
857 2017 953 2081 denar.

148 2133 210 2195 325.
228 2123 307 2192 ltem,
325 2117 411 2198 quod.
427 2118 637 2182 instrumentum
650 2116 783 2196 scriptum
792 2133 875 2178 manu
893 2113 1002 2176 Martini
1017 2114 1053 2176 de
1068 2116 1171 2189 Remis,

113 2229 178 2272 anno
194 2212 245 2274 Diri
267 2213 550 2294 tl0(cc⁰)1.xxx11⁰,
566 2211 711 2276 continens
722 2211 797 2292 quod
814 2210 892 2272 dom²
908 2216 986 2271 Anna
1013 2210 1175 2272 Viennensis

114 2306 242 2388 dalphina,
258 2310 380 2374 existens
403 2309 477 2390 apud
497 2317 652 2383 Rometam,
671 2306 842 2388 presentavit
858 2305 1011 2368 senescallo
1027 2307 1174 2369 Provincie

114 2425 159 2485 pro
174 2407 246 2468 dom⁰
259 2426 327 2487 rege
343 2406 444 2468 Catulo
460 2405 496 2466 de
516 2405 568 2467 hiis
582 2403 776 2482 omnibusque
789 2401 903 2466 tenebat
918 2415 998 2483 pater
1011 2423 1077 2466 suus
1091 2403 1126 2465 ab
1140 2423 1174 2465 eo

114 2499 138 2561 in
148 2503 272 2565 comitatu
280 2502 386 2565 Fouch.
410 2517 415 2545 ¹
437 2503 531 2564 iacere
542 2501 766 2582 recognicionem
783 2513 812 2560 et
827 2499 996 2581 homagium.

153 2600 212 2676 326.
232 2607 310 2675 ltem,
324 2599 410 2680 quod.
425 2600 636 2662 instrumentum
652 2598 786 2677 scriptum
796 2616 879 2658 manu
900 2598 1022 2678 magistri
1042 2597 1175 2680 aymonis

117 2695 147 2758 de
170 2697 271 2760 viriaco
298 2696 400 2759 notarii
421 2695 513 2776 publ,
543 2695 595 2758 sub
609 2713 682 2756 anno
714 2693 767 2756 Diri
797 2697 1005 2769 ll⁰ll⁶Lllel⁰,
1031 2695 1176 2758 continens

118 2793 182 2871 quod
196 2795 268 2856 dom.
294 2793 436 2856 Amardus
460 2791 580 2865 Gueliui,
609 2791 737 2854 dominus
753 2791 858 2872 Ruppis
880 2791 1022 2866 Chinardi,
1045 2805 1073 2854 et
1098 2793 1176 2854 dom³

120 2891 247 2954 Yssabella
261 2891 320 2969 ejus
333 2910 404 2954 uxor
416 2889 602 2952 vendiderunt
616 2903 729 2969 partem.
740 2908 823 2969 quam
839 2888 979 2951 habebant
991 2889 1019 2949 in
1036 2903 1127 2950 castro
1142 2889 1176 2950 de

121 2983 187 3045 Bello
201 2992 336 3066 Respectu
346 2999 374 3048 et
385 2986 414 3048 in
427 2985 633 3059 mandamento,
651 2985 727 3048 donr
745 2985 864 3048 Beattici
878 2986 982 3048 vienne
1012 2998 1040 3046 et
1064 2984 1177 3047 Albonis

122 3081 254 3159 comitisse,
271 3084 500 3164 recognoscendo
514 3083 590 3164 quod
621 3081 703 3144 nichil
718 3081 786 3159 juris
811 3082 951 3144 habebant
976 3081 1004 3142 in
1020 3080 1177 3142 summitate

122 3176 177 3240 dicti
192 3181 282 3256 castri,
296 3181 377 3259 cujus
390 3182 472 3243 castri
484 3179 709 3244 mandamentum
725 3178 807 3240 durat
820 3179 856 3240 ab
877 3197 931 3241 una
949 3190 1028 3258 parte
1040 3195 1127 3258 usque
1140 3177 1176 3238 ad

23 3303 24 3310 .
123 3293 205 3354 aquam
217 3285 285 3340 Ysse
299 3290 328 3340 et
341 3277 377 3340 ab
393 3277 446 3340 alia
462 3297 549 3357 usque
572 3275 609 3338 ad
625 3275 770 3338 Pissanum
786 3286 815 3337 et
826 3275 862 3337 ab
879 3274 932 3336 alia
946 3293 1034 3354 usque
1048 3273 1083 3334 ad
1097 3292 1177 3334 man-

124 3369 261 3436 damentum
274 3373 422 3436 ostuduni.

158 3486 215 3547 327·
232 3477 310 3544 ltem,
337 3469 422 3550 qued.
450 3469 546 3532 littera·
562 3468 636 3530 dom¹
652 3465 935 3548 Humberti‘dalphini
966 3466 1129 3529 Viennensis
1150 3479 1178 3528 et

125 3561 187 3626 lom
202 3575 277 3630 Anne
291 3567 351 3646 ejus
365 3565 469 3642 uxone
489 3565 591 3646 scripta
608 3564 660 3628 sub
671 3583 745 3627 anno
762 3564 816 3626 Diri
831 3565 1066 3638 rn⁰11⁶Lxxxll⁰,
1087 3564 1179 3626 conti-

125 3678 181 3723 nens
194 3665 264 3744 quod
281 3664 334 3744 ipsi
347 3663 482 3742 coniuges
496 3660 699 3724 confitebantur
712 3672 808 3724 tenere
828 3659 856 3721 in
872 3658 984 3720 feudum
998 3659 1179 3740 abepiscopo

111 3757 244 3822 -tniciensi
260 3775 288 3824 et
302 3758 425 3820 tenuisse
455 3778 551 3820 eorum
566 3758 781 3838 predecessores
793 3776 810 3815 a
822 3755 1066 3835 predecessoribus
1093 3756 1179 3836 ipsius

126 3851 185 3914 dom¹
207 3855 328 3936 episcopi
345 3854 490 3918 canoniam
505 3852 622 3918 ecclesie
647 3860 732 3915 Beate
754 3851 840 3914 Marie
863 3851 1026 3927 hniciensis,
1057 3851 1093 3914 de
1125 3872 1179 3933 qua

125 3945 173 4027 ipse
186 3966 412 4014 etantecessores
428 3951 470 4012 sui
487 3951 599 4012 luerunt
614 3948 752 4022 canonici,
778 3949 842 4008 item
857 3967 894 4008 xv
918 3947 1002 4010 libras
1028 3946 1181 4010 podienses

159 4166 177 4202 r.
191 4151 226 4204 En
240 4168 271 4204 m.
287 4149 379 4206 Cernit.
396 4149 559 4223 Folcaquerii.
