2730 4754
543 389 722 453 ..m-

127 500 196 571 981.
210 500 332 579 Postque,
348 517 412 581 anuo
427 495 478 559 Drii
492 501 694 573 Muccuxx,
716 499 763 556 fuit
775 500 842 557 iacta
858 501 932 575 qued.
959 500 1096 559 transactio
1110 501 1173 561 inter

74 583 221 645 domiuum
250 596 363 650 nostrum
393 604 475 661 regem
502 587 644 664 dalphinum
666 606 696 649 ax
720 606 769 650 una
801 597 873 662 parte
906 598 932 645 et
966 588 1033 646 dom.
1058 586 1172 649 comitem

76 672 279 737 Gebeunensem
306 693 336 732 ex
364 675 454 751 altera,
483 694 528 753 per
559 695 633 752 quam
663 675 714 752 ipse
738 693 825 735 -comes
853 675 1025 739 Gebennarum
1053 674 1174 752 quietarit

76 759 172 823 aliam
187 763 376 827 consensionem
390 764 483 827 dudum
497 764 589 823 factam
612 783 656 840 per
679 763 730 838 ejus
752 774 859 838 patrem,
883 764 967 839 vigore
990 764 1058 839 cuius
1072 767 1174 841 petebat

79 860 205 913 castrum
218 848 352 915 Morestelli
365 861 391 908 et
413 852 495 915 villam
509 849 636 912 Goncelini
649 862 675 912 et
684 852 729 909 Xm
740 853 898 926 florenorum,
909 864 937 910 ut
951 853 975 915 in
989 851 1080 913 licteris
1094 863 1173 915 uana·

80 939 201 997 actionis
214 959 276 1016 quas
291 939 399 998 restituit
412 951 438 998 et
451 941 532 1015 posite
546 951 603 1005 sunt
617 940 641 1001 in
656 940 760 1005 archivis
775 961 830 1007 cum
850 939 979 1019 scripturis
992 939 1173 1016 Graysirodani

81 1023 192 1100 plenius
205 1027 346 1097 continetur
362 1049 371 1103 ς
392 1039 418 1086 et
431 1030 545 1091 dominus
564 1029 686 1091 concessit
699 1030 777 1093 eidem
792 1029 875 1093 comiti
890 1041 999 1091 castrum
1012 1028 1136 1093 Falarerii
1149 1026 1172 1085 in

82 1119 164 1173 terra
181 1114 279 1190 Turris,
294 1135 341 1197 pro
356 1117 394 1179 Ve
408 1114 496 1176 lloren.
511 1119 531 1174 si
546 1127 642 1177 tantum
657 1118 740 1180 ualeat
753 1118 814 1175 dict.
831 1128 950 1192 castrum,
966 1116 1027 1179 alias
1040 1115 1173 1179 debetsibi

83 1201 213 1279 compleri
241 1214 303 1279 etc,
331 1215 357 1262 et
384 1204 458 1265 debet
471 1215 554 1263 tenere
577 1204 637 1263 dict.
664 1215 773 1264 castrum
788 1205 810 1273 in
830 1205 928 1265 feudum
936 1214 968 1279 et
982 1204 1134 1281 homagium,
1149 1214 1174 1269 et

83 1285 187 1348 Petrus
214 1309 296 1355 eomes
323 1293 433 1353 Gebenn.
464 1292 572 1367 prestitit
600 1292 763 1367 juramentum
791 1292 915 1359 fidelitatis
938 1292 1009 1351 dom·
1029 1292 1124 1350 lacobo
1143 1290 1173 1350 de
1209 1351 1212 1355 .

80 1372 201 1453 Vienna,
215 1380 376 1455 gubernatori
391 1378 567 1455 Dalphinatus‚
578 1379 617 1439 die
627 1380 679 1437 lllla
696 1380 784 1441 mensis
797 1379 937 1439 novembris
951 1379 1173 1452 M⁰ccc·uxx·;

85 1459 236 1542 homagium
251 1486 311 1526 vero
325 1468 399 1532 debet
421 1462 565 1544 facere‘regi
580 1468 697 1542 dalphino
711 1478 737 1527 et
750 1468 807 1526 lecit
817 1467 1005 1526 instrumentum
1021 1468 1173 1527 Humbertus

85 1547 198 1612 Graneti
225 1555 256 1611 de
284 1554 383 1612 Mencio
397 1555 509 1613 notarius
531 1574 597 1615 anno
616 1555 739 1631 predicto,
758 1567 784 1614 et
804 1557 877 1615 debet
890 1556 980 1615 habere
994 1556 1027 1612 ab
1041 1554 1088 1615 alia
1102 1565 1174 1631 parte

83 1634 150 1696 ΠΗ·
168 1643 254 1709 dorm.
269 1655 296 1708 et
308 1643 383 1709 debet
395 1663 572 1720 recognoscere
586 1657 677 1703 terram
691 1664 761 1705 suam
776 1664 850 1720 quarn
865 1655 931 1705 tenet
946 1645 969 1707 in
984 1644 1173 1721 Graysirrodano

84 1741 169 1801 quarn
195 1732 302 1809 primum
329 1732 422 1811 poterit
452 1734 577 1792 informari
595 1737 616 1807 ¹;
642 1745 666 1791 et
681 1734 736 1791 inde
754 1736 784 1791 de
802 1732 869 1792 dicta
897 1733 1065 1795 transactione
1086 1732 1173 1793 ultimo

83 1811 246 1885 lactescant
265 1821 349 1887 lictere
365 1822 469 1898 sigillate
491 1842 540 1879 una
564 1822 645 1898 sigillo
668 1822 733 1881 doni
751 1822 829 1879 nostri
852 1820 962 1906 dalphini
984 1830 1010 1878 et
1032 1819 1081 1877 alia
1095 1819 1173 1901 sigillo

83 1898 156 1969 dicti
170 1909 278 1985 conius,
298 1928 346 1986 que
363 1909 444 1994 posite
458 1920 517 1967 sunt
531 1929 586 1967 cum
601 1909 655 1968 aliis
669 1908 855 1986 suprascriptis.

123 1995 191 2066 982.
207 1999 279 2071 rien,
299 1998 374 2077 qued.
390 1999 551 2056 instrumenta
578 1999 646 2057 iacta
661 2018 734 2056 manu
754 1997 871 2065 iohannis
886 1995 1005 2054 Richardi
1020 1997 1050 2061 de
1064 1995 1174 2057 Clavone

82 2082 185 2147 ¹²⁰tarii
200 2079 305 2148 ondam
315 2103 356 2142 seu
371 2086 503 2145 Berthonis
517 2087 549 2143 de
558 2085 697 2144 Masticone
710 2085 760 2159 ejus
775 2083 920 2158 comissarii,
933 2093 1050 2143 contenta
1060 2082 1084 2147 in
1098 2084 1174 2142 ΧΙῦῑῑῃ

81 2165 210 2251 pellibus,
225 2173 377 2231 continentia
388 2177 568 2250 recognitiones
578 2174 686 2232 omnium
701 2193 817 2231 censuum
831 2183 856 2231 et
869 2175 1000 2231 feudorum
1014 2186 1081 2252 quos
1091 2182 1175 2249 etque

81 2261 250 2339 percipiebat
265 2265 419 2339 hymonetus
433 2264 464 2323 de
478 2260 560 2338 Lerips
575 2265 598 2321 in
613 2263 746 2340 parrochia
761 2264 792 2321 de
802 2261 889 2320 hrenis
914 2261 937 2318 in
961 2260 1095 2336 Oysencio‚
1111 2280 1174 2338 quos

81 2353 183 2408 0tnsus
210 2350 274 2409 idern
299 2354 408 2426 Aymon.
437 2352 547 2415 vendidit
561 2351 700 2410 hominibus
714 2351 844 2428 parrochie
859 2350 918 2409 dicti
933 2349 980 2408 loci
994 2350 1025 2409 de
1034 2350 1134 2425 Arenis,
1149 2361 1174 2411 et

80 2431 151 2501 quia
165 2439 279 2515 predicta
293 2442 439 2502 tenebantur
453 2440 478 2501 in
491 2441 591 2501 feudum
605 2460 620 2499 a
635 2438 734 2499 domino
749 2451 774 2499 et
788 2440 928 2515 homagium
942 2437 1050 2515 dictique
1064 2438 1174 2497 homines

81 2526 140 2579 ¹¹0ss
156 2537 229 2586 erant
242 2529 335 2586 habiles
349 2530 381 2586 ad
397 2529 529 2594 tenendum
543 2530 604 2591 dict.
620 2528 730 2602 lendum,
745 2529 791 2586 tuit
804 2530 869 2586 facta
885 2528 1019 2588 concordia
1034 2546 1090 2589 cum
1104 2530 1173 2587 dorn·

79 2608 334 2699 Sibernatorequod
349 2617 409 2677 dicti
423 2636 510 2683 census
530 2626 700 2681 remanserunt
714 2616 779 2674 dicte
793 2613 933 2693 parrochie,
948 2624 974 2673 et
991 2616 1106 2675 dominus
1119 2634 1173 2697 per·

79 2694 167 2765 captet
188 2703 343 2765 laudationes
364 2713 391 2761 et
412 2700 564 2763 venditiones
583 2705 606 2763 in
630 2704 703 2761 rebus
726 2721 771 2777 pro
793 2703 882 2779 quibus
896 2701 958 2760 fiunt
973 2721 1059 2760 census
1073 2704 1173 2778 quando

80 2786 241 2867 vendentur,
250 2793 280 2850 de
293 2811 343 2868 qua
353 2793 486 2855 concordia
497 2792 590 2869 recepit
603 2792 791 2857 instrumentum
805 2793 928 2851 lohannes
937 2790 1045 2869 Nicoleti
1054 2792 1172 2856 M·CCC·

79 2856 175 2938 LXX·
192 2881 231 2938 vel
246 2880 322 2939 circa.

125 2969 192 3044 983.
217 2970 289 3043 Item,
308 2969 385 3045 quod.
410 2971 444 3028 al.
473 2969 661 3029 instrumentum
689 2969 816 3028 continens
840 2970 1049 3045 albergamentum
1077 2968 1173 3035 noviter

78 3034 185 3116 factum
205 3057 236 3118 de
251 3075 350 3117 nemore
367 3056 476 3133 Rigaudi
490 3077 568 3134 prope
582 3057 729 3134 Morasium.

124 3147 192 3220 984.
216 3149 288 3220 item,
304 3147 377 3222 qued.
400 3147 523 3205 sentencia
550 3147 601 3204 lata
623 3165 667 3220 per
693 3148 760 3204 dom.
790 3147 909 3205 iacobum
929 3145 960 3204 de
986 3146 1171 3219 Montemauro,

77 3227 285 3317 {obscuriorem
295 3235 471 3309 Dalphinatus,
488 3254 552 3293 anno
562 3235 611 3293 oni
625 3235 847 3293 Mccclhlxxxth
857 3244 883 3291 et
897 3233 936 3291 die
949 3234 1036 3289 XXIX
1050 3230 1171 3305 octobris,

79 3318 191 3388 &mata
213 3324 285 3397 signo
308 3323 379 3381 Petri
400 3324 552 3381 Chautarelli
572 3323 697 3381 secretarii
717 3324 880 3401 dalphinalis,
901 3323 925 3380 in
947 3323 1057 3380 favorem
1079 3320 1171 3379 domini

79 3407 173 3468 ¹¹08tri
187 3411 310 3487 delphini,
331 3430 375 3486 per
393 3410 461 3486 cujus
476 3421 586 3468 tenorem
600 3421 706 3489 apparet
723 3413 792 3489 quod
813 3413 901 3469 domus
914 3409 986 3467 tortis
999 3407 1095 3469 Villieni
1110 3411 1171 3467 Bar·

81 3489 153 3553 rilis
166 3498 215 3558 sita
234 3497 259 3557 in
282 3500 456 3559 mandamento
472 3498 603 3573 haalonis,
620 3500 675 3557 loco
690 3490 758 3558 dicto
769 3500 792 3557 in
807 3499 886 3558 Vilari
899 3498 990 3572 Nigro,
1003 3506 1100 3557 tenetur
1115 3516 1170 3555 cum

80 3577 147 3639 Suis
160 3585 251 3663 iuribus
263 3595 291 3644 et
304 3586 457 3662 pertinentiis
470 3588 502 3646 de
514 3587 609 3647 directo
623 3589 732 3647 dominio
746 3598 772 3646 et
793 3588 866 3647 leudo
880 3588 947 3647 domi
969 3585 1048 3647 nostri
1061 3586 1171 3661 dalphini

82 3671 244 3751 Sllorumque
258 3675 375 3734 heredum
397 3684 423 3733 et
449 3694 618 3737 successorum
638 3687 662 3733 et
676 3677 722 3735 sub
737 3676 859 3750 censibus,
875 3675 989 3736 oneribus
1016 3685 1042 3732 ct
1063 3673 1171 3734 serviciis

85 3758 202 3846 Pfoinde
220 3764 288 3825 dom·
307 3773 395 3822 nostro
409 3765 479 3839 pred.
495 3764 595 3838 debitis,
610 3766 743 3823 secundum
762 3764 866 3822 formam
881 3763 1037 3841 antiquarum
1061 3761 1170 3839 recogni-

88 3849 197 3903 tionum
210 3850 386 3924 productarum
408 3850 433 3909 in
456 3869 572 3927 processu
595 3870 670 3927 super
692 3868 741 3925 quo
764 3849 831 3909 dicta
853 3851 973 3910 sententia
997 3851 1047 3910 lata
1061 3851 1125 3925 fuit;
1147 3851 1170 3909 in

93 3927 193 3996 quibus
208 3948 306 3995 cavetur
320 3938 387 4014 quod
403 3940 550 3996 chavaneira
573 3939 604 3995 de
627 3936 678 3996 Mal
702 3939 806 4012 Borget,
826 3937 888 3997 infra
912 3957 986 4013 quarn
1000 3937 1067 3997 dicta
1082 3939 1170 3998 domus

147 4124 173 4164 r.
186 4109 261 4173 dnm.
275 4115 353 4173 Terre
366 4113 478 4190 Therai,
492 4115 569 4182 Petre
581 4123 606 4173 et
623 4114 741 4188 nomene.
