2936 4898
726 437 884 500 ,32-

270 553 346 636 gio¹,
370 553 495 617 vendidit
515 553 593 615 dorn⁰
617 553 736 635 Guigoni
764 551 896 634 dalphino
922 550 1067 634 quidquid*
1083 551 1150 631 juris
1175 550 1296 615 habebat
1316 551 1345 613 in

269 664 361 713 castro
377 650 412 712 de
429 651 529 732 Vinay‚
544 649 597 712 sub
613 667 687 712 anno
704 649 758 712 Diri
776 655 970 712 ll⁰11⁶llllx⁰.
1302 643 1308 653 '

315 765 379 826 ¹45·
400 753 479 822 Item,
495 745 580 827 qued.
595 745 685 808 littera
701 745 811 808 duobus
827 746 923 827 sigillis
944 746 1105 828 impendenti
1121 745 1248 827 sigillata,
1273 762 1346 806 con-

268 842 359 906 tinens
373 843 591 926 recognitionem
608 843 708 906 iactam
725 842 804 905 dom⁰
822 843 942 924 Guigoni
967 842 1097 924 delphino
1122 841 1271 905 Viennensi
1294 858 1346 923 per

268 940 410 1004 albertum
427 954 456 1003 et
471 940 647 1003 lambertum
660 940 695 1003 de
710 939 825 1002 Cabiolo
840 939 876 1002 de
895 940 969 1003 dicto
986 953 1078 1002 castro
1103 939 1206 1018 eteius
1227 937 1347 1000 manda·

270 1052 375 1115 mento,
389 1038 441 1101 sub
457 1056 531 1100 anno
548 1038 602 1102 Diti
621 1045 826 1101 M⁰ll⁶llLVll⁰.

314 1135 377 1214 146.
398 1143 465 1198 ltem
478 1149 523 1200 est
534 1135 619 1217 qued.
637 1135 728 1199 littera
744 1149 854 1216 reperta
867 1135 955 1199 tribus
967 1135 1072 1216 sigillis
1089 1133 1252 1198 auctenticis
1265 1131 1346 1214 sigil-

268 1232 324 1294 lata
338 1245 365 1294 et
385 1231 587 1313 subscriptione
607 1233 717 1296 testium
738 1231 918 1313 plurimorum
941 1232 1073 1295 roborata
1099 1231 1135 1294 de
1155 1230 1254 1311 prima,
1269 1229 1291 1292 si
1307 1230 1345 1294 ita

269 1326 323 1390 dici
337 1327 420 1390 debet
441 1328 560 1409 dejure,
578 1329 765 1391 infeudatione
786 1329 868 1390 castri
890 1329 996 1411 Ruppis
1017 1329 1107 1390 Fortis
1127 1347 1189 1390 curn
1209 1326 1345 1408 superiori

270 1440 298 1487 er
313 1425 434 1487 inferiori
456 1425 597 1488 fortaliciis
618 1439 646 1488 et
668 1426 726 1505 ejus
743 1419 942 1504 mandamenti,
965 1425 1037 1488 iacta
1063 1444 1112 1506 per
1140 1424 1282 1486 Albertum
1304 1423 1345 1504 (l)

270 1523 382 1594 Pilosii²
408 1536 436 1585 et
453 1529 566 1585 Petrum
584 1524 643 1602 ejus
658 1523 743 1586 filiurn
770 1531 891 1606 aymaro
911 1523 948 1586 de
970 1523 1107 1599 Pictavia,
1132 1522 1184 1585 sub
1198 1541 1272 1584 anno
1290 1521 1346 1582 Diri

270 1626 432 1696 lll⁰lltLll⁰s
441 1619 486 1682 die
502 1621 613 1684 veneris
625 1641 680 1703 qua
703 1633 830 1684 cantatur
850 1621 977 1697 dubilate5
1000 1621 1078 1700 cujus
1092 1619 1181 1682 littere
1204 1618 1291 1680 verba
1316 1611 1355 1678 in

268 1717 310 1780 sui
323 1717 457 1798 principio
473 1730 537 1779 sunt
551 1717 615 1780 talia
632 1738 639 1778 ε
1153 1743 1155 1748 ·

305 1852 316 1882 r
334 1832 428 1886 Notum
442 1829 475 1886 sit
489 1829 601 1886 omnibus
615 1830 768 1902 presentibus
781 1841 807 1887 et
820 1831 910 1887 luturis
923 1831 990 1904 quod
1004 1848 1051 1904 ego
1061 1830 1214 1886 llumbertus
1228 1827 1344 1900 Pilosii¹‚

268 1917 381 1975 dominus
395 1917 492 1992 Ruppis
506 1918 622 1990 Fortis‚a
637 1928 663 1974 te
676 1919 810 1974 hdemario
823 1917 854 1975 de
868 1918 993 1991 Picaria,
1005 1917 1094 1974 comite
1108 1914 1285 1988 valentinensi,
1296 1931 1346 1988 pro

267 2025 298 2064 eo
311 2017 340 2063 ut
354 2017 460 2064 castrum
476 2006 574 2081 Ruppis
587 2005 672 2062 Fortis
695 2024 750 2062 cum
764 2005 856 2079 juribus
878 2017 904 2062 et
917 2005 1069 2081 pertinentiis
1083 2005 1133 2062 suis
1147 2013 1306 2061 manuteneas
1320 2013 1346 2060 et

268 2094 405 2152 deffendeas
419 2097 449 2152 de
463 2096 555 2170 placito
569 2105 594 2153 et
608 2097 638 2152 de
658 2114 747 2171 guerra
761 2096 810 2152 tuis
834 2096 940 2172 propriis
964 2095 1074 2168 expensis
1099 2104 1124 2152 et
1146 2093 1272 2150 emendis³
1297 2110 1346 2167 que

269 2181 383 2238 habueris
396 2199 443 2257 pro
457 2182 524 2240 dicto
539 2194 622 2240 castro
636 2193 661 2239 et
676 2183 828 2258 pertinentiis
846 2183 906 2257 suis,
932 2185 962 2240 de
986 2201 1075 2257 guerra
1098 2181 1154 2238 dico
1178 2191 1265 2237 contra
1288 2199 1345 2238 eum

268 2269 310 2342 qui
323 2271 398 2326 nollet
412 2271 444 2326 ab
458 2288 488 2326 eo
502 2289 586 2328 coram
601 2282 625 2328 te
638 2270 675 2345 jus
690 2271 807 2347 recipere,
823 2281 848 2327 et
862 2290 908 2345 pro
922 2273 1033 2345 eoquod
1047 2273 1158 2328 eumdem
1173 2269 1249 2326 filium
1265 2288 1344 2326 meum

267 2359 299 2413 ad
313 2360 443 2432 petendum
457 2369 482 2414 et
497 2361 690 2434 recuperandum
705 2358 742 2433 jus
760 2361 827 2434 quod
847 2358 956 2414 Alissia‘
980 2377 1043 2415 uxor
1060 2359 1120 2415 dicti
1146 2357 1216 2414 Petri
1238 2358 1345 2414 debebat

174 2481 183 2486 -
267 2446 357 2501 habere
370 2445 393 2501 in
408 2455 492 2502 castro
506 2446 536 2503 de
549 2447 670 2520 Chabuel‚
685 2448 734 2503 tuis
748 2446 855 2522 propriis
876 2445 987 2519 expensis
1005 2447 1154 2503 advocatum
1177 2443 1222 2500 sibi
1241 2445 1342 2517 habeas,

267 2532 333 2604 juves
356 2542 381 2588 et
403 2533 433 2588 de
455 2550 558 2606 guerra,
578 2534 598 2588 si
613 2544 745 2609 preceptor
758 2533 818 2590 dicti
832 2533 924 2600 (Petri)
937 2534 1004 2607 quod
1019 2533 1086 2590 dicta
1101 2532 1155 2589 ntis
1169 2533 1243 2589 debet
1253 2533 1344 2590 habere

267 2617 291 2673 in
315 2618 382 2675 dicto
410 2629 493 2676 castro
519 2621 594 2677 nollet
614 2624 693 2677 lacere
715 2621 792 2677 eidem
818 2622 859 2677 ubi
886 2623 983 2678 deceret
1008 2620 1103 2694 justicie
1127 2621 1342 2695 complementum,

266 2709 377 2774 eumdem
392 2708 467 2766 filium
482 2727 561 2776 mcum
575 2710 685 2766 similiter
699 2709 765 2783 juves
779 2709 828 2765 tuis
841 2710 953 2785 expensis
968 2709 1074 2786 propriis
1088 2719 1113 2766 et
1132 2709 1248 2783 emendis,
1264 2711 1345 2766 donec

267 2798 360 2854 dictum
375 2796 411 2870 ius
424 2797 617 2872 recuperaverit,
632 2798 667 2855 ita
681 2798 749 2872 quod
763 2816 837 2872 super
851 2798 968 2874 predictis
983 2799 1015 2856 ad
1027 2799 1102 2867 hstll)
1117 2800 1196 2874 partis
1209 2810 1270 2856 tunc
1284 2810 1343 2856 tem·

267 2886 335 2962 poris
349 2886 441 2942 nullum
456 2896 550 2962 prestes
564 2885 680 2943 auxilium
690 2904 733 2943 seu
747 2885 867 2960 juvamen.
880 2885 984 2960 Accipio
998 2886 1021 2942 in
1031 2886 1129 2942 lendum
1139 2886 1219 2960 ipsum
1234 2897 1344 2944 castrum
1375 2941 1377 2948 .

266 2975 365 3050 Ruppis
379 2973 463 3031 Fortis
477 2965 643 3032 cum'duobus
663 2973 790 3032 fortaliciis
809 2973 859 3030 suis
873 2972 993 3048 superiori
1010 2984 1035 3029 et
1057 2972 1164 3029 inferiori
1178 2984 1203 3030 et
1217 2992 1272 3030 cunr
1288 2983 1345 3031 toto
1363 3017 1367 3024 .

266 3062 439 3118 mandamento
455 3061 563 3136 ipsorum
577 3071 603 3119 et
616 3061 785 3138 appendentiis
795 3071 821 3117 et
834 3060 946 3123 ornnlbus
959 3058 1052 3133 juribus
1066 3070 1091 3116 et
1109 3059 1261 3135 pertinentiis
1282 3061 1343 3135 suis,

265 3150 355 3207 iaciens
369 3151 413 3207 tibi
428 3149 567 3224 homagium
582 3168 629 3224 pro
643 3150 712 3206 dicto
726 3160 821 3222 castro,
836 3149 905 3206 salvo
920 3148 1035 3222 homagio
1050 3147 1309 3225 Guigonisdalphini3
1319 3163 1345 3207 et

266 3238 323 3295 volo
337 3249 362 3294 et
376 3238 486 3314 precipio
509 3249 536 3294 ut
551 3239 620 3294 heres
639 3255 681 3293 seu
702 3255 829 3294 successor
853 3255 929 3309 meus,
959 3235 1052 3292 scilicet
1076 3238 1167 3293 Petrus
1190 3236 1295 3293 Pilosii'
1320 3248 1346 3294 et

265 3343 393 3383 successor
406 3326 482 3401 ipsius
496 3326 519 3382 in
534 3325 601 3382 dicto
616 3334 699 3382 castro
711 3342 766 3379 cum
782 3323 934 3398 pertinentiis
948 3323 1008 3397 suis,
1025 3324 1047 3380 ln
1063 3324 1198 3381 mutatione
1212 3323 1305 3380 domini
1320 3336 1346 3380 et

265 3414 363 3470 vassalli
378 3413 422 3470 tibi
435 3424 461 3469 et
475 3413 657 3470 successoribus
672 3411 720 3467 tuis
734 3411 845 3487 predicta
861 3413 1070 3485 recognoscendo,
1081 3429 1128 3485 pro
1138 3410 1206 3468 dicto
1221 3422 1305 3468 castro
1320 3424 1346 3468 et

265 3501 417 3574 pertinentiis
438 3501 489 3558 suis
509 3499 650 3557 fidelitatem
671 3509 696 3555 et
721 3499 860 3572 homagium
883 3502 963 3556 lacere
985 3510 1108 3572 tencatur,
1135 3499 1204 3555 salvo
1228 3499 1345 3572 homagio

265 3587 385 3660 Gulgonis
398 3587 517 3666 delphini,
536 3610 547 3642 l

267 3703 295 3752 et
307 3691 441 3774 clereto),
458 3705 540 3773 prout
554 3692 680 3774 predicta
692 3707 720 3754 et
734 3693 852 3774 quedam
873 3693 925 3755 alia
943 3693 1029 3755 lacius
1050 3693 1227 3756 continentur
1240 3693 1274 3754 in
1296 3693 1351 3755 lit-'

264 3800 325 3849 tera
337 3788 463 3868 superius
477 3788 631 3868 designata.

310 3901 374 3962 147.
390 3890 469 3960 Item,
486 3885 572 3965 quod.
589 3886 801 3948 instrumentum
821 3887 952 3966 scriptum
962 3903 1049 3947 manu
1070 3886 1204 3969 symonis
1219 3884 1255 3946 de
1270 3889 1346 3946 Tor-

264 3981 339 4046 ualol
353 3993 380 4044 et
394 3981 579 4062 subscriptum
596 4003 679 4044 manu
692 3982 817 4064 magistri
830 3982 906 4044 Petri
922 3983 1083 4064 Bargarelli,
1099 3983 1152 4046 sub
1166 4002 1240 4045 anno
1255 3981 1345 4044 Dirice

304 4165 325 4203 1.
344 4149 378 4201 Aa
391 4145 469 4203 torio.
486 4178 519 4188 -
536 4163 560 4203 2.
576 4150 610 4202 Aa
624 4147 710 4205 Pilosi.
725 4179 759 4190 -
776 4165 800 4222 3.
816 4148 850 4204 Aa
863 4166 947 4206 esm...
964 4179 997 4189 -
1011 4169 1038 4221 4.
1054 4151 1088 4204 Aa
1103 4148 1189 4206 Alisia.
