2844 4900
407 451 418 462 '
516 475 695 535 -113-

78 588 148 650 dom⁰
158 601 252 650 nostro
267 588 297 649 d.
315 588 469 651 Humberto
484 589 621 654 viennen.
637 589 769 671 dalphino
781 609 832 672 per
846 597 993 673 IIugonem
1011 589 1140 652 Richardi

77 684 106 746 de
119 685 255 767 oysencio
271 697 300 770 et
312 685 498 748 terminum...

109 782 174 844 616.
191 790 271 860 Item,
302 783 387 864 quod.
404 783 440 845 al.
466 782 543 865 publ.
568 783 780 847 instrumentum
809 784 852 867 (ut
877 784 962 866 607),
986 783 1070 848 indic.
1096 797 1140 860 ιν,

77 879 114 942 die
125 895 173 941 ιιι
196 901 286 944 mens.
300 881 427 960 januarii,
443 879 588 944 continens
604 882 763 962 homagium
772 881 866 964 ligium
877 881 913 945 de
929 901 1047 964 persona
1061 899 1143 963 pres-

76 975 146 1038 titum
159 978 238 1039 dom⁰
253 991 350 1041 nostro
372 978 503 1060 dalphino
529 997 579 1060 per
597 979 718 1042 nobilem
736 980 913 1044 Franciscum
926 979 962 1042 de
978 977 1101 1043 Parisius
1115 992 1143 1042 et

76 1075 250 1138 terminum...

110 1171 175 1250 617.
198 1180 278 1249 Item,
311 1173 396 1254 qued.
426 1173 517 1236 littera
546 1172 656 1234 duobus
687 1172 783 1254 sigillis
810 1172 839 1234 in
861 1173 993 1254 pendenti
1013 1173 1141 1257 sigillata,

79 1267 170 1350 scripta
194 1249 342 1334 sub‘anno
368 1271 431 1341 Db!
441 1277 646 1346 Moccouvut,
676 1289 715 1332 uu
735 1271 848 1334 kalend.
867 1272 972 1353 aprilis,
998 1273 1144 1336 continens

7 1433 9 1450 ,
80 1366 291 1448 recognicionem
317 1369 426 1448 tactam,
437 1367 479 1448 ill¹¹
493 1365 610 1449 principi
623 1367 703 1429 dom⁰
716 1381 812 1431 nostro
833 1368 988 1431 Ilumberto
1004 1368 1045 1451 (l)
1058 1367 1145 1432 Vien-

79 1464 148 1526 nensi
169 1464 300 1546 dalpblno
328 1485 379 1546 pet
404 1464 592 1527 Fromundum
619 1465 793 1546 Berengarii,
822 1464 858 1528 de
882 1479 973 1529 castro
1004 1466 1041 1530 de
1064 1465 1143 1528 Vado

80 1561 163 1640 etejus
176 1562 384 1639 mandamento,
401 1562 436 1623 de
453 1574 545 1624 castro
560 1561 596 1624 de
612 1569 706 1624 Darna
720 1574 748 1624 et
765 1561 853 1624 bastia
869 1561 905 1624 de
921 1569 1047 1639 Davana,
1063 1574 1092 1624 et
1108 1560 1144 1624 de

80 1658 194 1734 omnibus
207 1679 262 1740 que
274 1659 371 1721 babuit
394 1659 506 1721 nomine
534 1657 744 1740 permutationis
758 1679 774 1720 a
789 1659 954 1741 Reymondo
971 1657 1143 1740 Berengarii,

80 1773 125 1834 que
137 1755 226 1817 omnia
240 1755 405 1837 recognovit
418 1770 515 1819 tenere
528 1755 674 1818 reddibilia
688 1776 704 1818 a
721 1753 795 1819 dicto
809 1755 924 1820 domino
939 1756 993 1821 sub
1006 1757 1097 1820 modis
1116 1767 1146 1819 et

80 1845 278 1916 condicionibus
290 1853 319 1915 in
331 1853 405 1915 dicto
415 1853 505 1915 insrrto
519 1853 666 1916 contentls.

111 1951 174 2012 618.
192 1958 274 2030 Item,
288 1951 374 2032 quod.
388 1951 425 2012 al.
448 1951 660 2013 instrumentum
687 1950 764 2032 publ.
791 1950 924 2032 scriptum
945 1973 1029 2017 manu
1059 1955 1142 2038 Guig.

82 2049 208 2110 Frumenti
218 2061 279 2110 not.
295 2047 376 2128 pub,
396 2048 447 2111 sub
462 2067 536 2111 anno
557 2049 610 2110 orti
626 2054 909 2126 M⁰CCC⁰IIIIIIIIII⁰,
920 2049 1017 2114 indict.
1034 2064 1077 2126 ιιι,
1100 2050 1145 2114 die

81 2155 132 2204 vnn
159 2145 261 2207 mensis
286 2145 412 2224 januarii,
440 2145 585 2208 continens
606 2145 830 2227 recognicionem
861 2147 982 2228 homagii
1014 2148 1090 2211 Petri
1110 2148 1146 2212 de

82 2243 179 2322 Asperis
192 2242 355 2306 habitatoris
371 2242 406 2304 de
422 2250 501 2305 Muta
515 2256 543 2305 et
560 2243 818 2324 assignacionem...
1113 2265 1115 2272 ’

113 2339 176 2421 619.
194 2346 275 2417 Item,
289 2340 375 2421 quod.
391 2340 428 2402 al.
444 2341 656 2402 instrumentum
673 2340 750 2421 publ.
767 2341 899 2422 scriptum
914 2359 998 2402 manu
1012 2340 1146 2404 lobannis
1213 2388 1219 2396 .

83 2438 229 2500 Amandrini
242 2452 271 2500 et
284 2437 469 2519 subscriptum
496 2457 579 2500 manu
608 2438 709 2500 llumb¹
725 2438 806 2500 Pilati
833 2438 1003 2500 notariorum
1024 2437 1142 2520 public..

84 2534 125 2596 sub
139 2555 210 2598 anno
225 2535 280 2597 Dr‘ri
296 2541 538 2611 M⁰CCC⁰IIIIIII⁰,
556 2535 642 2598 indic.¹
656 2549 719 2612 xufl,
736 2535 781 2598 die
795 2554 897 2598 ιιιιιιιιιι
910 2536 1013 2608 mensis
1038 2536 1144 2618 aprilis,

84 2633 212 2696 continens
228 2631 387 2713 homagium
406 2631 559 2714 'prestitum
573 2632 651 2694 dom⁰
671 2645 769 2695 nostro
794 2632 925 2714 dalphino
951 2633 1148 2713 pernobilem
1252 2631 1255 2646 '

84 2729 158 2791 vimm
174 2730 251 2792 dom.
277 2736 391 2792 Petrum
421 2729 543 2812 Aynardi
565 2729 689 2805 militem,
715 2728 858 2792 dominum
886 2729 988 2791 Montis
1002 2729 1146 2812 aymardi,

84 2825 137 2890 item
151 2829 294 2890 confessus
309 2827 398 2890 fuitet
412 2826 574 2907 recognovit
589 2826 679 2888 dictus
699 2826 776 2889 dom.
803 2833 903 2889 Petrus
927 2845 958 2889 se
982 2839 1089 2903 tenere,
1107 2840 1150 2890 te·

85 2925 163 2988 ruisse
175 2938 203 2988 et
216 2939 313 2988 tenere
326 2923 397 2986 velle
412 2937 440 2986 et
454 2923 559 2986 debere
571 2923 600 2985 in
610 2923 723 2986 feudum
732 2923 856 2986 francum
870 2919 926 3005 (et)
940 2923 1059 2985 nobilea
1073 2923 1148 2986 dicto
1235 2927 1238 2938 '

86 3020 148 3084 lom.
161 3023 292 3105 dalphino
302 3035 436 3098 castrum,
452 3021 677 3084 mandamentum
692 3033 721 3083 et
729 3020 897 3084 territorium
913 3021 1015 3082 Montis
1027 3019 1150 3102 Aynardi

87 3129 181 3180 erues
207 3132 302 3201 partes
331 3117 367 3180 de
395 3117 552 3193 Cbavessa,
585 3116 772 3179 mandamenti
801 3129 829 3178 et
853 3116 982 3180 territorii
1012 3115 1147 3194 ejusdem,

87 3216 222 3279 etdomum
238 3217 338 3279 fortem
354 3214 389 3277 de
411 3214 562 3298 Royssanis
576 3233 639 3276 cum
655 3213 812 3277 bominibus
832 3233 903 3295 quos
924 3213 1009 3275 babet
1032 3211 1148 3287 ibidem,

87 3309 141 3374 item
153 3314 243 3376 omnia
258 3326 287 3375 et
306 3312 414 3394 singula
436 3331 470 3374 ea
493 3331 548 3394 que
570 3310 665 3385 babet,
686 3323 763 3373 tenet
780 3324 809 3373 et
826 3310 951 3393 possidet
965 3310 994 3372 in
1007 3308 1109 3371 Triviis
1122 3322 1151 3372 et

90 3410 277 3493 Graysivodani
293 3429 347 3492 que
365 3429 423 3472 non
435 3409 609 3491 reperientur
624 3407 714 3471 teneri
730 3406 767 3469 ab
779 3407 834 3469 allo
846 3406 971 3470 domino.

120 3507 181 3570 620.
198 3515 278 3584 Item,
295 3507 383 3588 quod.
401 3506 477 3588 publ.
490 3506 703 3569 instrumentum
718 3505 849 3586 scriptum
865 3523 947 3566 manu
965 3502 1040 3564 Petri
1052 3500 1151 3563 Polleti

89 3607 172 3670 notarii
195 3607 274 3690 publ.
299 3605 352 3668 sub
362 3625 435 3667 anno
452 3605 505 3666 Dr'ti
526 3609 794 3676 II⁰CC⁰LIIII⁰VII0,
808 3601 896 3664 iudic.
915 3615 957 3674 vt,
976 3614 1020 3661 ιιιο
1036 3599 1150 3662 kalend.

90 3701 178 3780 aptus,
190 3704 336 3767 continens
361 3701 435 3784 quod
451 3701 600 3782 Margarita
614 3699 650 3762 de
669 3698 805 3762 Cezerino
828 3697 955 3761 vendidit
967 3696 1105 3780 Cyboudo
1117 3695 1153 3758 de

91 3801 265 3865 Castrollovo
281 3813 347 3864 uu⁰r
370 3801 475 3864 solidos
498 3799 633 3862 viennen.
652 3817 753 3860 census
767 3810 795 3859 et
819 3816 838 3859 It
869 3795 951 3858 solid.
979 3795 1015 3858 de
1051 3793 1154 3876 placito

91 3913 161 3978 super
173 3901 291 3983 quadam
303 3901 378 3982 petia
392 3899 514 3963 nemoris
528 3898 702 3961 confrontata
718 3896 747 3957 in
763 3896 839 3957 dicto
854 3895 960 3957 instr¹⁰.

123 3995 185 4059 621.
201 4005 280 4073 Item,
292 3996 379 4079 quod.
394 3996 430 4058 al.
444 3995 521 4075 publ.
538 3994 750 4057 instrumentum
765 3991 898 4073 scriptum
910 4008 993 4052 manu
1010 3986 1156 4051 Ilumberti

94 4095 186 4157 Ilerleti
198 4096 297 4159 notarii
312 4093 405 4176 publ,
421 4092 473 4154 sub
489 4111 562 4155 anno
598 4092 652 4154 Dr'ti
680 4094 891 4168 M⁰II⁶IIC⁰III⁰,
914 4089 1000 4152 indic.
1029 4102 1070 4151 vra
1088 4137 1095 4165 ,
1111 4087 1156 4148 die

93 4192 206 4254 mercurii
217 4205 281 4254 anre
293 4179 499 4254 mencionem
512 4185 634 4263 Domini,
650 4188 794 4251 continens
807 4187 881 4268 quod
903 4192 1002 4248 Petrus
1020 4182 1094 4246 ttuffi
1121 4181 1156 4241 de
