2936 4898
571 421 728 502 -65-

122 552 252 614 restituere
267 552 303 613 ab
317 553 378 633 ipso
391 569 502 614 carcere
521 551 648 629 liberato,
660 565 688 616 et
700 551 723 613 si
739 551 912 633 contingeret
923 551 1078 632 predictum
1104 549 1180 613 dom.

123 648 259 730 Sylvonem
276 650 305 711 in
326 649 402 712 dicto
415 667 527 711 carcere
545 648 615 712 mori
629 648 704 730 quod
721 647 789 720 dict.
806 662 925 712 castrum
938 649 1096 712 restitueret
1110 648 1184 710 dicto

122 746 185 809 dom.
204 747 336 828 dalphino
353 767 404 828 pro
420 747 542 809 dominio
554 767 616 824 suo,
629 762 712 828 prout
728 747 779 810 hec
796 761 824 810 et
835 747 920 812 rnulta
935 748 988 810 alia
1005 747 1122 809 indicta
1138 745 1185 809 lit-

120 853 170 902 tere
181 842 368 919 continentur,
387 862 441 924 que
453 844 544 906 littera
558 844 661 925 scripta
676 844 728 905 tuit
738 864 811 908 auno
831 845 885 907 Diri
906 851 1085 907 M⁰ll⁰LXV⁰.

159 957 220 1015 332.
245 947 314 1002 ltern
337 940 422 1021 qued.
441 941 536 1006 lietera
555 939 606 1002 luit
621 955 731 1022 reperta
746 941 863 1024 sigillata
884 942 973 1005 tribus
989 941 1095 1023 sigillis,
1113 939 1186 1002 dom¹

122 1035 245 1116 Guigonis
259 1036 381 1117 dalphini
404 1050 431 1100 et
451 1038 524 1099 dom*
546 1039 657 1121 Ayrnari
689 1038 724 1100 de
748 1039 872 1102 Pictavia
886 1040 993 1102 comitis
1008 1037 1144 1100 Valentini
1160 1050 1188 1098 et

124 1133 224 1214 Rogerii
235 1133 271 1196 de
287 1135 445 1217 Clayriaco,
463 1135 567 1217 scripta
587 1136 639 1198 sub
654 1136 758 1219 (anno)
774 1137 828 1199 Diti
844 1143 1013 1213 M⁰ll⁶LXll,
1031 1136 1078 1198 die
1101 1135 1189 1198 domi-

122 1227 246 1294 nicaante
264 1231 443 1294 Nativitatem
457 1233 538 1296 beate
559 1233 657 1308 Marie,
673 1235 818 1297 continens
842 1235 975 1315 quasdam
989 1232 1188 1296 conventiones

124 1326 179 1390 dicti
192 1329 268 1391 dom.
283 1331 417 1411 Guigonis
431 1344 460 1394 et
475 1331 541 1395 dicti
559 1331 682 1412 Rogerii,
703 1332 774 1395 inter
790 1353 858 1414 quas
870 1334 941 1396 inter
955 1346 1047 1394 cetera
1061 1331 1190 1394 contine-

123 1427 245 1508 turquod
260 1428 383 1508 prelatus
402 1427 478 1490 dom.
503 1429 593 1510 Guigo
621 1428 741 1490 remissit
764 1448 862 1492 omnes
877 1429 990 1510 injurias
1019 1442 1047 1490 et
1070 1428 1189 1507 dampna

125 1521 180 1586 data
191 1525 252 1606 ipso
269 1525 346 1587 dom.
362 1526 492 1607 dalphino
507 1546 557 1608 per
575 1527 651 1608 ipsos
674 1527 751 1590 dom.
771 1528 920 1611 Sylvonem
935 1540 962 1591 et
985 1526 1145 1606 Rogeriurn,
1162 1538 1190 1588 et

124 1639 167 1698 pro
180 1621 252 1686 dicta
267 1623 428 1686 remissione
444 1624 518 1686 idem
535 1624 671 1704 Rogerius
685 1624 762 1686 dedit
778 1624 856 1686 dom⁰
872 1625 1003 1707 delphino
1018 1638 1139 1687 castrum
1152 1622 1188 1684 de

127 1719 211 1781 Rocha
226 1719 333 1781 Blauna
348 1739 411 1782 cum
421 1721 549 1782 omnibus
563 1721 668 1801 juribus
683 1735 712 1783 et
725 1723 898 1803 pertinentiis
913 1723 981 1798 suis,
997 1735 1024 1784 et
1051 1739 1191 1801 recogno-

126 1814 160 1876 vit
171 1816 203 1878 ab
219 1837 253 1878 eo
267 1831 363 1878 tenere
374 1817 401 1878 in
413 1817 526 1878 feudum
536 1832 656 1880 castrum
667 1819 703 1881 de
719 1820 870 1895 Mercurol‚
881 1833 909 1882 et
925 1819 1010 1881 multa
1023 1818 1076 1880 alia
1085 1815 1188 1880 ibidem

127 1913 292 1976 continentur
307 1914 449 1995 tangentia
464 1915 566 1977 dictam
581 1935 691 1996 pacem.

165 2027 225 2088 333.
243 2019 323 2086 Item,
340 2011 452 2092 quamd.
469 2012 586 2074 litteram
600 2011 673 2077 dom¹¹
687 2012 820 2093 Guigonis
838 2012 971 2094 dalphini,
994 2011 1124 2092 scriptam
1139 2009 1191 2070 sub

129 2126 193 2168 anno
206 2109 259 2170 oni
279 2116 450 2184 M⁰ll⁰Lvl⁰,
470 2109 514 2171 die
528 2110 623 2172 martis
652 2122 716 2172 ante
744 2110 858 2172 Nativit.
882 2110 913 2172 b³
932 2110 1030 2188 Marie,
1048 2107 1193 2171 continens

129 2205 265 2286 quodipse
278 2205 355 2268 dom.
378 2205 523 2288 dalphinus
547 2207 674 2288 promisit
690 2219 718 2268 et
742 2207 842 2286 juravit
868 2207 999 2289 Aynardo
1022 2206 1134 2268 domino
1157 2205 1193 2268 de

131 2303 296 2366 claromonte
308 2303 417 2366 solvere
427 2307 502 2366 llllm
516 2305 597 2367 solid.
614 2305 750 2368 viennen.
767 2324 818 2385 pro
829 2305 895 2367 dote
911 2304 1001 2366 Alasie
1022 2303 1076 2366 lilie
1101 2321 1194 2385 quon-

132 2399 188 2461 dam
199 2402 298 2464 domini
313 2402 349 2463 de
361 2402 446 2479 Vilar,
461 2423 542 2485 quam
552 2403 642 2465 dictus
651 2411 705 2484 Ay.
717 2402 828 2466 volente
842 2415 870 2463 et
883 2415 1019 2464 tractante
1030 2401 1105 2463 dicto
1115 2399 1191 2462 dom.

135 2497 251 2579 delphino
268 2500 347 2563 duxit
358 2499 386 2561 in
398 2520 524 2577 uxorem,
537 2513 565 2564 et
578 2519 630 2581 pro
643 2500 702 2582 ipsa
716 2499 781 2562 dote
791 2500 925 2562 solvenda
935 2499 1012 2562 dedit
1020 2499 1113 2581 plures
1122 2497 1195 2562 lide-

134 2592 242 2670 iussores
257 2597 332 2658 dicto
347 2604 400 2678 Ay.

173 2709 231 2772 334.
246 2702 313 2756 ltem
328 2693 379 2755 luit
396 2707 536 2778 repertum
553 2695 640 2776 quod.
653 2695 865 2758 instrumentum
876 2696 980 2758 lactum
995 2713 1077 2756 manu
1089 2691 1195 2756 alberti

139 2788 167 2850 de
179 2793 280 2874 Breyda
296 2791 407 2868 notarii,
424 2791 475 2854 sub
493 2811 565 2854 anno
585 2793 637 2854 Diri
653 2800 859 2870 M011⁶XC⁰lX⁰‚
877 2795 1022 2858 continens
1039 2790 1114 2873 quod
1132 2809 1197 2854 cas-

140 2898 198 2948 trum
213 2890 312 2951 llontis
326 2889 431 2951 Revelli
446 2888 497 2950 luit
512 2889 650 2952 redditum
666 2881 717 2972 per
733 2904 830 2972 gentes
854 2891 927 2954 dom*
954 2889 1074 2970 delphini
1098 2905 1197 2950 senes-

145 2983 201 3045 callo
217 2998 224 3029 ¹
240 2985 434 3049 Masticonensi
449 3004 500 3064 pro
517 2985 594 3048 dom⁰
610 3005 676 3067 rege
694 2994 875 3049 Francorum.

176 3098 232 3161 335.
244 3091 323 3160 Item,
338 3082 422 3166 qued.
438 3082 528 3144 littera
543 3083 570 3144 in
584 3083 716 3163 pendenti
732 3083 859 3166 sigillata,
870 3083 972 3164 scripta
985 3081 1037 3143 sub
1052 3098 1126 3142 anno
1143 3081 1197 3142 uni

144 3183 331 3256 ll0ll⁰LXV110,
348 3180 493 3242 continens
510 3181 739 3260 procuracionem
766 3181 866 3242 iactam
890 3198 939 3260 per
966 3176 1140 3239 Guillelmurn
1158 3177 1198 3238 de
1273 3173 1275 3178 ’

144 3278 278 3342 Rossilione
294 3279 330 3342 ad
345 3279 511 3341 tradendum
529 3292 649 3340 castrum
666 3279 771 3359 Ruppis
790 3279 825 3340 de
840 3277 927 3360 Cluey
952 3277 1029 3338 dom⁰
1052 3274 1195 3356 dalphino,

143 3385 164 3431 et
175 3377 388 3458 recognicionem
402 3375 504 3439 factam
517 3395 566 3456 per
582 3376 671 3457 ipsum
685 3375 859 3438 Guillelmum
876 3374 912 3436 de
926 3374 1001 3436 dicto
1011 3387 1103 3436 castro
1120 3372 1198 3434 dom⁰
1274 3415 1281 3426 .

144 3466 265 3550 delphino.

178 3569 235 3646 336.
255 3577 335 3647 Item,
347 3571 431 3652 qued.
450 3571 541 3633 littera
552 3570 661 3632 duobus
670 3569 766 3650 sigillis
779 3569 807 3630 in
821 3569 953 3650 pendenti
961 3567 1089 3648 sigillata,
1098 3567 1199 3649 scripta

144 3663 185 3724 sub
199 3686 266 3729 anno
282 3669 337 3730 Diri
355 3675 554 3744 M⁰lll⁰XVll⁰,
570 3667 715 3730 continens
730 3666 887 3730 soluciones
899 3668 987 3728 lactas
999 3665 1111 3728 nomine
1126 3665 1199 3728 dom*

88 3843 92 3850 Ι
144 3761 257 3828 iohannis
271 3766 392 3847 delphini
407 3767 601 3846 perAndream
619 3765 724 3846 Czuppi
736 3765 855 3826 condam
865 3764 989 3828 societati
1000 3763 1154 3827 Bardorum
1166 3763 1201 3826 de

146 3857 279 3924 Florentia.

182 3974 240 4036 337.
260 3968 338 4038 Item,
356 3960 441 4042 qued.
458 3961 495 4022 al.
508 3961 598 4024 littera
613 3959 715 4039 scripta
725 3958 777 4021 sub
792 3977 864 4020 anno
881 3966 990 4022 lncarn.
1009 3959 1062 4020 oni
1078 3963 1204 4020 M⁰CCC⁰

184 4176 202 4216 r.
216 4160 311 4216 llalord
325 4161 440 4234 bayllivm

1071 4272 1080 4334 l
