<?xml version="1.0" encoding="UTF-8"?>
<!DOCTYPE html PUBLIC "-//W3C//DTD XHTML 1.0 Transitional//EN"
    "http://www.w3.org/TR/xhtml1/DTD/xhtml1-transitional.dtd">
<html xmlns="http://www.w3.org/1999/xhtml" xml:lang="en" lang="en">
 <head>
  <title>
</title>
<meta http-equiv="Content-Type" content="text/html;charset=utf-8" />
  <meta name='ocr-system' content='tesseract 3.04.00' />
  <meta name='ocr-capabilities' content='ocr_page ocr_carea ocr_par ocr_line ocrx_word'/>
</head>
<body>
  <div class='ocr_page' id='page_1' title='image "./inventairedesar00glgoog/inventairedesar00glgoog_0070.png"; bbox 0 0 2936 4898; ppageno 0'>
   <div class='ocr_carea' id='block_1_1' title="bbox 50 580 1205 3577">
    <p class='ocr_par' dir='ltr' id='par_1_1' title="bbox 50 580 1203 858">
     <span class='ocr_line' id='line_1_1' title="bbox 173 580 1203 666; baseline 0.009 -27"><span class='ocrx_word' id='word_1_1' title='bbox 173 580 238 641; x_wconf 84' lang='lat'><em>160.</em></span> <span class='ocrx_word' id='word_1_2' title='bbox 258 588 338 658; x_wconf 90' lang='lat' dir='ltr'><strong>ltem,</strong></span> <span class='ocrx_word' id='word_1_3' title='bbox 353 583 438 664; x_wconf 90' lang='lat' dir='ltr'><strong>quod.</strong></span> <span class='ocrx_word' id='word_1_4' title='bbox 455 584 665 646; x_wconf 85' lang='lat' dir='ltr'><strong>instrumentum</strong></span> <span class='ocrx_word' id='word_1_5' title='bbox 690 596 830 664; x_wconf 88' lang='lat' dir='ltr'><strong>receptum</strong></span> <span class='ocrx_word' id='word_1_6' title='bbox 847 601 930 646; x_wconf 89' lang='lat' dir='ltr'><strong>manu</strong></span> <span class='ocrx_word' id='word_1_7' title='bbox 954 585 997 665; x_wconf 86' lang='lat' dir='ltr'><strong>(ut</strong></span> <span class='ocrx_word' id='word_1_8' title='bbox 1020 587 1099 666; x_wconf 83' lang='lat'><strong>157),</strong></span> <span class='ocrx_word' id='word_1_9' title='bbox 1115 589 1203 650; x_wconf 89' lang='lat' dir='ltr'><strong>conti-</strong></span> 
     </span>
     <span class='ocr_line' id='line_1_2' title="bbox 128 679 1202 764; baseline 0.006 -24"><span class='ocrx_word' id='word_1_10' title='bbox 128 695 196 740; x_wconf 79' lang='lat' dir='ltr'><strong>nens</strong></span> <span class='ocrx_word' id='word_1_11' title='bbox 209 679 369 762; x_wconf 82' lang='lat' dir='ltr'><strong>homagium</strong></span> <span class='ocrx_word' id='word_1_12' title='bbox 381 682 475 762; x_wconf 73' lang='lat' dir='ltr'><strong>ligium</strong></span> <span class='ocrx_word' id='word_1_13' title='bbox 497 683 607 744; x_wconf 87' lang='lat' dir='ltr'><strong>Gononi</strong></span> <span class='ocrx_word' id='word_1_14' title='bbox 633 681 788 744; x_wconf 83' lang='lat' dir='ltr'><strong>Rancurelli</strong></span> <span class='ocrx_word' id='word_1_15' title='bbox 802 682 838 743; x_wconf 91' lang='lat' dir='ltr'><strong>de</strong></span> <span class='ocrx_word' id='word_1_16' title='bbox 853 689 929 744; x_wconf 87' lang='lat' dir='ltr'><strong>Mota</strong></span> <span class='ocrx_word' id='word_1_17' title='bbox 943 695 971 744; x_wconf 94' lang='lat' dir='ltr'><strong>et</strong></span> <span class='ocrx_word' id='word_1_18' title='bbox 986 683 1202 764; x_wconf 75' lang='lat' dir='ltr'><strong>assignationem</strong></span> 
     </span>
     <span class='ocr_line' id='line_1_3' title="bbox 50 772 1010 858; baseline 0.009 -27"><span class='ocrx_word' id='word_1_19' title='bbox 50 795 51 802; x_wconf 49' lang='lat'>¹</span> <span class='ocrx_word' id='word_1_20' title='bbox 129 772 178 834; x_wconf 89' lang='lat' dir='ltr'><strong>sibi</strong></span> <span class='ocrx_word' id='word_1_21' title='bbox 192 773 295 836; x_wconf 83' lang='lat' dir='ltr'><strong>iactam</strong></span> <span class='ocrx_word' id='word_1_22' title='bbox 310 775 357 838; x_wconf 84' lang='lat' dir='ltr'><strong>diu</strong></span> <span class='ocrx_word' id='word_1_23' title='bbox 374 776 477 858; x_wconf 91' lang='lat' dir='ltr'><strong>lapsam</strong></span> <span class='ocrx_word' id='word_1_24' title='bbox 495 778 530 839; x_wconf 89' lang='lat' dir='ltr'><strong>ad</strong></span> <span class='ocrx_word' id='word_1_25' title='bbox 548 775 713 858; x_wconf 82' lang='lat' dir='ltr'><strong>recognosc.</strong></span> <span class='ocrx_word' id='word_1_26' title='bbox 729 778 857 858; x_wconf 90' lang='lat' dir='ltr'><strong>particul.</strong></span> <span class='ocrx_word' id='word_1_27' title='bbox 874 791 903 840; x_wconf 89' lang='lat' dir='ltr'><strong>et</strong></span> <span class='ocrx_word' id='word_1_28' title='bbox 916 777 1010 840; x_wconf 87' lang='lat' dir='ltr'><strong>distin.</strong></span> 
     </span>
    </p>

    <p class='ocr_par' dir='ltr' id='par_1_2' title="bbox 127 870 1205 1734">
     <span class='ocr_line' id='line_1_4' title="bbox 171 870 1203 956; baseline 0.007 -25"><span class='ocrx_word' id='word_1_29' title='bbox 171 870 237 933; x_wconf 81' lang='lat'>161.</span> <span class='ocrx_word' id='word_1_30' title='bbox 262 879 342 949; x_wconf 88' lang='lat' dir='ltr'><strong>ltem,</strong></span> <span class='ocrx_word' id='word_1_31' title='bbox 367 875 453 955; x_wconf 90' lang='lat' dir='ltr'><strong>quod.</strong></span> <span class='ocrx_word' id='word_1_32' title='bbox 479 874 552 937; x_wconf 90' lang='lat' dir='ltr'><strong>aliud</strong></span> <span class='ocrx_word' id='word_1_33' title='bbox 580 875 790 937; x_wconf 82' lang='lat' dir='ltr'><strong>instrumentum</strong></span> <span class='ocrx_word' id='word_1_34' title='bbox 820 887 963 956; x_wconf 88' lang='lat' dir='ltr'><strong>receptum</strong></span> <span class='ocrx_word' id='word_1_35' title='bbox 992 893 1075 938; x_wconf 91' lang='lat' dir='ltr'><strong>manu</strong></span> <span class='ocrx_word' id='word_1_36' title='bbox 1104 874 1203 938; x_wconf 86' lang='lat' dir='ltr'><strong>llumb¹</strong></span> 
     </span>
     <span class='ocr_line' id='line_1_5' title="bbox 129 965 1204 1050; baseline 0.008 -23"><span class='ocrx_word' id='word_1_37' title='bbox 129 965 220 1044; x_wconf 84' lang='lat' dir='ltr'><strong>Pilati,</strong></span> <span class='ocrx_word' id='word_1_38' title='bbox 238 969 292 1032; x_wconf 92' lang='lat' dir='ltr'><strong>sub</strong></span> <span class='ocrx_word' id='word_1_39' title='bbox 308 987 382 1033; x_wconf 89' lang='lat' dir='ltr'><strong>anno</strong></span> <span class='ocrx_word' id='word_1_40' title='bbox 404 971 457 1032; x_wconf 73' lang='lat' dir='ltr'><strong>Dr&#39;ti</strong></span> <span class='ocrx_word' id='word_1_41' title='bbox 475 978 724 1047; x_wconf 73' lang='lat' dir='ltr'><strong>ll⁰lll⁶llllllvll“·‚</strong></span> <span class='ocrx_word' id='word_1_42' title='bbox 749 971 794 1033; x_wconf 94' lang='lat' dir='ltr'><strong>die</strong></span> <span class='ocrx_word' id='word_1_43' title='bbox 818 985 849 1032; x_wconf 77' lang='lat' dir='ltr'><strong>na</strong></span> <span class='ocrx_word' id='word_1_44' title='bbox 871 971 1032 1050; x_wconf 84' lang='lat' dir='ltr'><strong>novenbris,</strong></span> <span class='ocrx_word' id='word_1_45' title='bbox 1060 973 1204 1036; x_wconf 89' lang='lat' dir='ltr'><strong>continens</strong></span> 
     </span>
     <span class='ocr_line' id='line_1_6' title="bbox 128 1063 1200 1152; baseline 0.007 -29"><span class='ocrx_word' id='word_1_46' title='bbox 128 1063 286 1145; x_wconf 79' lang='lat' dir='ltr'><strong>homagium</strong></span> <span class='ocrx_word' id='word_1_47' title='bbox 309 1079 338 1128; x_wconf 91' lang='lat' dir='ltr'><strong>et</strong></span> <span class='ocrx_word' id='word_1_48' title='bbox 360 1067 579 1148; x_wconf 77' lang='lat' dir='ltr'><strong>recognitionem</strong></span> <span class='ocrx_word' id='word_1_49' title='bbox 600 1068 673 1129; x_wconf 91' lang='lat' dir='ltr'><strong>dom¹</strong></span> <span class='ocrx_word' id='word_1_50' title='bbox 698 1067 807 1130; x_wconf 89' lang='lat' dir='ltr'><strong>Girardi</strong></span> <span class='ocrx_word' id='word_1_51' title='bbox 828 1081 857 1130; x_wconf 90' lang='lat' dir='ltr'><strong>et</strong></span> <span class='ocrx_word' id='word_1_52' title='bbox 880 1069 943 1150; x_wconf 81' lang='lat' dir='ltr'><strong>(leg.</strong></span> <span class='ocrx_word' id='word_1_53' title='bbox 971 1069 1021 1152; x_wconf 86' lang='lat' dir='ltr'><strong>de)</strong></span> <span class='ocrx_word' id='word_1_54' title='bbox 1046 1071 1200 1150; x_wconf 85' lang='lat' dir='ltr'><strong>Temiaco¹</strong></span> 
     </span>
     <span class='ocr_line' id='line_1_7' title="bbox 127 1159 1205 1246; baseline 0.008 -25"><span class='ocrx_word' id='word_1_55' title='bbox 127 1159 230 1224; x_wconf 81' lang='lat' dir='ltr'><strong>laetum</strong></span> <span class='ocrx_word' id='word_1_56' title='bbox 248 1163 362 1226; x_wconf 90' lang='lat' dir='ltr'><strong>domino</strong></span> <span class='ocrx_word' id='word_1_57' title='bbox 380 1179 477 1228; x_wconf 85' lang='lat' dir='ltr'><strong>nostro</strong></span> <span class='ocrx_word' id='word_1_58' title='bbox 496 1165 651 1227; x_wconf 87' lang='lat' dir='ltr'><strong>llumberto</strong></span> <span class='ocrx_word' id='word_1_59' title='bbox 667 1163 799 1246; x_wconf 86' lang='lat' dir='ltr'><strong>dalphino</strong></span> <span class='ocrx_word' id='word_1_60' title='bbox 822 1177 850 1227; x_wconf 91' lang='lat' dir='ltr'><strong>et</strong></span> <span class='ocrx_word' id='word_1_61' title='bbox 871 1166 899 1226; x_wconf 89' lang='lat' dir='ltr'><strong>in</strong></span> <span class='ocrx_word' id='word_1_62' title='bbox 925 1185 981 1246; x_wconf 90' lang='lat' dir='ltr'><strong>quo</strong></span> <span class='ocrx_word' id='word_1_63' title='bbox 1006 1166 1082 1229; x_wconf 91' lang='lat' dir='ltr'><strong>dom.</strong></span> <span class='ocrx_word' id='word_1_64' title='bbox 1110 1182 1205 1230; x_wconf 88' lang='lat' dir='ltr'><strong>noster</strong></span> 
     </span>
     <span class='ocr_line' id='line_1_8' title="bbox 130 1257 1204 1346; baseline 0.009 -28"><span class='ocrx_word' id='word_1_65' title='bbox 130 1257 277 1338; x_wconf 83' lang='lat' dir='ltr'><strong>dalphinus</strong></span> <span class='ocrx_word' id='word_1_66' title='bbox 292 1261 381 1323; x_wconf 90' lang='lat' dir='ltr'><strong>eidem</strong></span> <span class='ocrx_word' id='word_1_67' title='bbox 395 1263 533 1325; x_wconf 87' lang='lat' dir='ltr'><strong>concessit</strong></span> <span class='ocrx_word' id='word_1_68' title='bbox 547 1263 575 1324; x_wconf 91' lang='lat' dir='ltr'><strong>in</strong></span> <span class='ocrx_word' id='word_1_69' title='bbox 588 1262 702 1325; x_wconf 79' lang='lat' dir='ltr'><strong>feudum</strong></span> <span class='ocrx_word' id='word_1_70' title='bbox 718 1262 851 1344; x_wconf 87' lang='lat' dir='ltr'><strong>quidquid</strong></span> <span class='ocrx_word' id='word_1_71' title='bbox 870 1263 943 1324; x_wconf 90' lang='lat' dir='ltr'><strong>ident</strong></span> <span class='ocrx_word' id='word_1_72' title='bbox 966 1263 1042 1326; x_wconf 88' lang='lat' dir='ltr'><strong>dom.</strong></span> <span class='ocrx_word' id='word_1_73' title='bbox 1058 1266 1204 1346; x_wconf 75' lang='lat' dir='ltr'><strong>delphinus</strong></span> 
     </span>
     <span class='ocr_line' id='line_1_9' title="bbox 129 1355 1203 1444; baseline 0.005 -27"><span class='ocrx_word' id='word_1_74' title='bbox 129 1355 248 1420; x_wconf 90' lang='lat' dir='ltr'><strong>habehat</strong></span> <span class='ocrx_word' id='word_1_75' title='bbox 262 1358 290 1419; x_wconf 95' lang='lat' dir='ltr'><strong>in</strong></span> <span class='ocrx_word' id='word_1_76' title='bbox 303 1357 412 1422; x_wconf 91' lang='lat' dir='ltr'><strong>bastida</strong></span> <span class='ocrx_word' id='word_1_77' title='bbox 423 1359 459 1423; x_wconf 88' lang='lat' dir='ltr'><strong>de</strong></span> <span class='ocrx_word' id='word_1_78' title='bbox 475 1361 669 1422; x_wconf 78' lang='lat' dir='ltr'><strong>Funxcheria²</strong></span> <span class='ocrx_word' id='word_1_79' title='bbox 686 1360 755 1422; x_wconf 91' lang='lat' dir='ltr'><strong>etin</strong></span> <span class='ocrx_word' id='word_1_80' title='bbox 771 1373 831 1423; x_wconf 91' lang='lat' dir='ltr'><strong>toto</strong></span> <span class='ocrx_word' id='word_1_81' title='bbox 843 1359 984 1423; x_wconf 87' lang='lat' dir='ltr'><strong>territorio</strong></span> <span class='ocrx_word' id='word_1_82' title='bbox 999 1361 1067 1424; x_wconf 87' lang='lat' dir='ltr'><strong>Belli</strong></span> <span class='ocrx_word' id='word_1_83' title='bbox 1083 1362 1203 1444; x_wconf 84' lang='lat' dir='ltr'><strong>Regardi</strong></span> 
     </span>
     <span class='ocr_line' id='line_1_10' title="bbox 130 1454 1205 1542; baseline 0.007 -28"><span class='ocrx_word' id='word_1_84' title='bbox 130 1467 157 1515; x_wconf 90' lang='lat' dir='ltr'><strong>et</strong></span> <span class='ocrx_word' id='word_1_85' title='bbox 169 1454 197 1516; x_wconf 90' lang='lat' dir='ltr'><strong>in</strong></span> <span class='ocrx_word' id='word_1_86' title='bbox 214 1455 323 1533; x_wconf 82' lang='lat' dir='ltr'><strong>juribus</strong></span> <span class='ocrx_word' id='word_1_87' title='bbox 335 1458 476 1539; x_wconf 88' lang='lat' dir='ltr'><strong>acquisitis</strong></span> <span class='ocrx_word' id='word_1_88' title='bbox 487 1477 538 1539; x_wconf 91' lang='lat' dir='ltr'><strong>per</strong></span> <span class='ocrx_word' id='word_1_89' title='bbox 551 1478 614 1520; x_wconf 91' lang='lat' dir='ltr'><strong>eurn</strong></span> <span class='ocrx_word' id='word_1_90' title='bbox 638 1477 655 1520; x_wconf 90' lang='lat' dir='ltr'><strong>a</strong></span> <span class='ocrx_word' id='word_1_91' title='bbox 680 1458 806 1520; x_wconf 75' lang='lat' dir='ltr'><strong>iohanne</strong></span> <span class='ocrx_word' id='word_1_92' title='bbox 822 1458 858 1520; x_wconf 88' lang='lat' dir='ltr'><strong>de</strong></span> <span class='ocrx_word' id='word_1_93' title='bbox 884 1459 991 1537; x_wconf 84' lang='lat' dir='ltr'><strong>Podio;</strong></span> <span class='ocrx_word' id='word_1_94' title='bbox 1010 1460 1085 1542; x_wconf 89' lang='lat' dir='ltr'><strong>quod</strong></span> <span class='ocrx_word' id='word_1_95' title='bbox 1110 1461 1205 1522; x_wconf 91' lang='lat' dir='ltr'><strong>homa-</strong></span> 
     </span>
     <span class='ocr_line' id='line_1_11' title="bbox 129 1551 1204 1637; baseline 0.007 -24"><span class='ocrx_word' id='word_1_96' title='bbox 129 1551 201 1630; x_wconf 86' lang='lat' dir='ltr'><strong>gium</strong></span> <span class='ocrx_word' id='word_1_97' title='bbox 216 1553 338 1633; x_wconf 86' lang='lat' dir='ltr'><strong>prestitit</strong></span> <span class='ocrx_word' id='word_1_98' title='bbox 357 1555 454 1631; x_wconf 89' lang='lat' dir='ltr'><strong>dictus</strong></span> <span class='ocrx_word' id='word_1_99' title='bbox 469 1555 545 1617; x_wconf 88' lang='lat' dir='ltr'><strong>dom.</strong></span> <span class='ocrx_word' id='word_1_100' title='bbox 576 1555 709 1618; x_wconf 86' lang='lat' dir='ltr'><strong>Girardus</strong></span> <span class='ocrx_word' id='word_1_101' title='bbox 735 1555 818 1617; x_wconf 85' lang='lat' dir='ltr'><strong>salvis</strong></span> <span class='ocrx_word' id='word_1_102' title='bbox 843 1556 977 1637; x_wconf 82' lang='lat' dir='ltr'><strong>homagiis</strong></span> <span class='ocrx_word' id='word_1_103' title='bbox 1000 1557 1073 1635; x_wconf 81' lang='lat' dir='ltr'><strong>dom¹</strong></span> <span class='ocrx_word' id='word_1_104' title='bbox 1096 1559 1204 1620; x_wconf 89' lang='lat' dir='ltr'><strong>comitis</strong></span> 
     </span>
     <span class='ocr_line' id='line_1_12' title="bbox 130 1648 663 1734; baseline 0.009 -25"><span class='ocrx_word' id='word_1_105' title='bbox 130 1648 321 1714; x_wconf 88' lang='lat' dir='ltr'><strong>Gebennensis</strong></span> <span class='ocrx_word' id='word_1_106' title='bbox 334 1665 363 1714; x_wconf 88' lang='lat' dir='ltr'><strong>et</strong></span> <span class='ocrx_word' id='word_1_107' title='bbox 374 1652 478 1714; x_wconf 91' lang='lat' dir='ltr'><strong>domini</strong></span> <span class='ocrx_word' id='word_1_108' title='bbox 493 1651 663 1734; x_wconf 78' lang='lat' dir='ltr'><strong>Fucigniaci.</strong></span> 
     </span>
    </p>

    <p class='ocr_par' dir='ltr' id='par_1_3' title="bbox 130 1747 1205 2506">
     <span class='ocr_line' id='line_1_13' title="bbox 172 1747 1205 1838; baseline 0.008 -31"><span class='ocrx_word' id='word_1_109' title='bbox 172 1747 238 1808; x_wconf 83' lang='lat'>162.</span> <span class='ocrx_word' id='word_1_110' title='bbox 255 1755 335 1823; x_wconf 81' lang='lat' dir='ltr'><strong>Item,</strong></span> <span class='ocrx_word' id='word_1_111' title='bbox 350 1749 435 1830; x_wconf 87' lang='lat' dir='ltr'><strong>qued.</strong></span> <span class='ocrx_word' id='word_1_112' title='bbox 453 1750 635 1838; x_wconf 87' lang='lat' dir='ltr'><strong>instrumenta</strong></span> <span class='ocrx_word' id='word_1_113' title='bbox 658 1763 687 1812; x_wconf 86' lang='lat' dir='ltr'><strong>et</strong></span> <span class='ocrx_word' id='word_1_114' title='bbox 709 1749 803 1814; x_wconf 89' lang='lat' dir='ltr'><strong>lictere</strong></span> <span class='ocrx_word' id='word_1_115' title='bbox 816 1749 896 1812; x_wconf 89' lang='lat' dir='ltr'><strong>simul</strong></span> <span class='ocrx_word' id='word_1_116' title='bbox 920 1751 1067 1831; x_wconf 88' lang='lat' dir='ltr'><strong>conjuncta</strong></span> <span class='ocrx_word' id='word_1_117' title='bbox 1088 1766 1116 1814; x_wconf 93' lang='lat' dir='ltr'><strong>et</strong></span> <span class='ocrx_word' id='word_1_118' title='bbox 1138 1769 1205 1814; x_wconf 90' lang='lat' dir='ltr'><strong>con-</strong></span> 
     </span>
     <span class='ocr_line' id='line_1_14' title="bbox 130 1841 1204 1930; baseline 0.007 -27"><span class='ocrx_word' id='word_1_119' title='bbox 130 1841 231 1920; x_wconf 81' lang='lat' dir='ltr'><strong>juncte,</strong></span> <span class='ocrx_word' id='word_1_120' title='bbox 250 1845 384 1908; x_wconf 80' lang='lat' dir='ltr'><strong>facientes</strong></span> <span class='ocrx_word' id='word_1_121' title='bbox 410 1847 585 1910; x_wconf 89' lang='lat' dir='ltr'><strong>mencionem</strong></span> <span class='ocrx_word' id='word_1_122' title='bbox 602 1846 743 1928; x_wconf 90' lang='lat' dir='ltr'><strong>quomodo</strong></span> <span class='ocrx_word' id='word_1_123' title='bbox 757 1846 981 1930; x_wconf 82' lang='lat' dir='ltr'><strong>archiepiscopus</strong></span> <span class='ocrx_word' id='word_1_124' title='bbox 1000 1849 1164 1911; x_wconf 85' lang='lat' dir='ltr'><strong>Viennensis</strong></span> <span class='ocrx_word' id='word_1_125' title='bbox 1177 1861 1204 1910; x_wconf 93' lang='lat' dir='ltr'><strong>et</strong></span> 
     </span>
     <span class='ocr_line' id='line_1_15' title="bbox 130 1943 1203 2023; baseline 0.006 -20"><span class='ocrx_word' id='word_1_126' title='bbox 130 1943 278 2023; x_wconf 90' lang='lat' dir='ltr'><strong>capitulum</strong></span> <span class='ocrx_word' id='word_1_127' title='bbox 302 1943 338 2004; x_wconf 99' lang='lat' dir='ltr'><strong>de</strong></span> <span class='ocrx_word' id='word_1_128' title='bbox 361 1945 493 2006; x_wconf 84' lang='lat' dir='ltr'><strong>Romanis</strong></span> <span class='ocrx_word' id='word_1_129' title='bbox 516 1944 653 2006; x_wconf 89' lang='lat' dir='ltr'><strong>dederunt</strong></span> <span class='ocrx_word' id='word_1_130' title='bbox 675 1957 796 2006; x_wconf 89' lang='lat' dir='ltr'><strong>castrum</strong></span> <span class='ocrx_word' id='word_1_131' title='bbox 817 1945 853 2006; x_wconf 92' lang='lat' dir='ltr'><strong>de</strong></span> <span class='ocrx_word' id='word_1_132' title='bbox 870 1945 1022 2008; x_wconf 87' lang='lat' dir='ltr'><strong>Pisansano</strong></span> <span class='ocrx_word' id='word_1_133' title='bbox 1041 1959 1069 2008; x_wconf 96' lang='lat' dir='ltr'><strong>et</strong></span> <span class='ocrx_word' id='word_1_134' title='bbox 1090 1946 1203 2009; x_wconf 91' lang='lat' dir='ltr'><strong>domurn</strong></span> 
     </span>
     <span class='ocr_line' id='line_1_16' title="bbox 130 2037 1204 2123; baseline 0.006 -23"><span class='ocrx_word' id='word_1_135' title='bbox 130 2037 238 2112; x_wconf 73' lang='lat' dir='ltr'><strong>hortem,</strong></span> <span class='ocrx_word' id='word_1_136' title='bbox 255 2041 331 2120; x_wconf 90' lang='lat' dir='ltr'><strong>quod</strong></span> <span class='ocrx_word' id='word_1_137' title='bbox 354 2054 381 2102; x_wconf 91' lang='lat' dir='ltr'><strong>et</strong></span> <span class='ocrx_word' id='word_1_138' title='bbox 395 2060 450 2123; x_wconf 92' lang='lat' dir='ltr'><strong>que</strong></span> <span class='ocrx_word' id='word_1_139' title='bbox 463 2041 581 2103; x_wconf 89' lang='lat' dir='ltr'><strong>condam</strong></span> <span class='ocrx_word' id='word_1_140' title='bbox 605 2041 657 2102; x_wconf 84' lang='lat' dir='ltr'><strong>fuit</strong></span> <span class='ocrx_word' id='word_1_141' title='bbox 670 2040 743 2102; x_wconf 84' lang='lat' dir='ltr'><strong>dom¹</strong></span> <span class='ocrx_word' id='word_1_142' title='bbox 759 2041 898 2104; x_wconf 82' lang='lat' dir='ltr'><strong>lamberti</strong></span> <span class='ocrx_word' id='word_1_143' title='bbox 921 2041 957 2104; x_wconf 92' lang='lat' dir='ltr'><strong>de</strong></span> <span class='ocrx_word' id='word_1_144' title='bbox 973 2041 1099 2116; x_wconf 90' lang='lat' dir='ltr'><strong>Cabiolo,</strong></span> <span class='ocrx_word' id='word_1_145' title='bbox 1126 2042 1204 2106; x_wconf 86' lang='lat' dir='ltr'><strong>dom⁰</strong></span> 
     </span>
     <span class='ocr_line' id='line_1_17' title="bbox 133 2136 1203 2219; baseline 0.002 -21"><span class='ocrx_word' id='word_1_146' title='bbox 133 2137 285 2200; x_wconf 86' lang='lat' dir='ltr'><strong>llumberto</strong></span> <span class='ocrx_word' id='word_1_147' title='bbox 297 2137 333 2200; x_wconf 92' lang='lat' dir='ltr'><strong>de</strong></span> <span class='ocrx_word' id='word_1_148' title='bbox 348 2143 436 2198; x_wconf 84' lang='lat' dir='ltr'><strong>Turre</strong></span> <span class='ocrx_word' id='word_1_149' title='bbox 448 2137 562 2199; x_wconf 91' lang='lat' dir='ltr'><strong>domino</strong></span> <span class='ocrx_word' id='word_1_150' title='bbox 576 2137 611 2199; x_wconf 92' lang='lat' dir='ltr'><strong>de</strong></span> <span class='ocrx_word' id='word_1_151' title='bbox 627 2136 788 2214; x_wconf 85' lang='lat' dir='ltr'><strong>coloniaco,</strong></span> <span class='ocrx_word' id='word_1_152' title='bbox 802 2151 916 2218; x_wconf 90' lang='lat' dir='ltr'><strong>propter</strong></span> <span class='ocrx_word' id='word_1_153' title='bbox 926 2138 1104 2200; x_wconf 88' lang='lat' dir='ltr'><strong>rebellionem</strong></span> <span class='ocrx_word' id='word_1_154' title='bbox 1121 2158 1203 2219; x_wconf 88' lang='lat' dir='ltr'><strong>quam</strong></span> 
     </span>
     <span class='ocr_line' id='line_1_18' title="bbox 130 2229 1204 2316; baseline 0.006 -26"><span class='ocrx_word' id='word_1_155' title='bbox 130 2229 230 2294; x_wconf 86' lang='lat' dir='ltr'><strong>iecerat</strong></span> <span class='ocrx_word' id='word_1_156' title='bbox 250 2233 343 2296; x_wconf 88' lang='lat' dir='ltr'><strong>dictus</strong></span> <span class='ocrx_word' id='word_1_157' title='bbox 358 2233 522 2297; x_wconf 84' lang='lat' dir='ltr'><strong>lambertus</strong></span> <span class='ocrx_word' id='word_1_158' title='bbox 535 2247 632 2297; x_wconf 87' lang='lat' dir='ltr'><strong>contra</strong></span> <span class='ocrx_word' id='word_1_159' title='bbox 642 2234 803 2308; x_wconf 84' lang='lat' dir='ltr'><strong>ecclesiam,</strong></span> <span class='ocrx_word' id='word_1_160' title='bbox 827 2247 854 2297; x_wconf 91' lang='lat' dir='ltr'><strong>et</strong></span> <span class='ocrx_word' id='word_1_161' title='bbox 868 2235 1010 2316; x_wconf 89' lang='lat' dir='ltr'><strong>quomodo</strong></span> <span class='ocrx_word' id='word_1_162' title='bbox 1035 2235 1086 2298; x_wconf 86' lang='lat' dir='ltr'><strong>htit</strong></span> <span class='ocrx_word' id='word_1_163' title='bbox 1105 2235 1204 2298; x_wconf 89' lang='lat' dir='ltr'><strong>missus</strong></span> 
     </span>
     <span class='ocr_line' id='line_1_19' title="bbox 130 2327 1204 2412; baseline 0.007 -25"><span class='ocrx_word' id='word_1_164' title='bbox 130 2327 156 2390; x_wconf 89' lang='lat' dir='ltr'><strong>in</strong></span> <span class='ocrx_word' id='word_1_165' title='bbox 177 2332 384 2410; x_wconf 88' lang='lat' dir='ltr'><strong>possessionem</strong></span> <span class='ocrx_word' id='word_1_166' title='bbox 413 2331 587 2412; x_wconf 85' lang='lat' dir='ltr'><strong>corporalem</strong></span> <span class='ocrx_word' id='word_1_167' title='bbox 616 2331 681 2393; x_wconf 92' lang='lat' dir='ltr'><strong>dicti</strong></span> <span class='ocrx_word' id='word_1_168' title='bbox 706 2331 800 2407; x_wconf 83' lang='lat' dir='ltr'><strong>castri,</strong></span> <span class='ocrx_word' id='word_1_169' title='bbox 831 2343 859 2392; x_wconf 91' lang='lat' dir='ltr'><strong>et</strong></span> <span class='ocrx_word' id='word_1_170' title='bbox 884 2331 969 2392; x_wconf 90' lang='lat' dir='ltr'><strong>multa</strong></span> <span class='ocrx_word' id='word_1_171' title='bbox 990 2331 1042 2392; x_wconf 87' lang='lat' dir='ltr'><strong>alia</strong></span> <span class='ocrx_word' id='word_1_172' title='bbox 1064 2331 1091 2392; x_wconf 89' lang='lat' dir='ltr'><strong>in</strong></span> <span class='ocrx_word' id='word_1_173' title='bbox 1124 2331 1204 2394; x_wconf 91' lang='lat' dir='ltr'><strong>dictis</strong></span> 
     </span>
     <span class='ocr_line' id='line_1_20' title="bbox 131 2425 1201 2506; baseline 0.006 -21"><span class='ocrx_word' id='word_1_174' title='bbox 131 2425 224 2490; x_wconf 89' lang='lat' dir='ltr'><strong>litteris</strong></span> <span class='ocrx_word' id='word_1_175' title='bbox 238 2428 419 2492; x_wconf 86' lang='lat' dir='ltr'><strong>continentur</strong></span> <span class='ocrx_word' id='word_1_176' title='bbox 431 2429 560 2492; x_wconf 84' lang='lat' dir='ltr'><strong>facientia</strong></span> <span class='ocrx_word' id='word_1_177' title='bbox 577 2428 612 2490; x_wconf 88' lang='lat' dir='ltr'><strong>ad</strong></span> <span class='ocrx_word' id='word_1_178' title='bbox 628 2428 873 2492; x_wconf 87' lang='lat' dir='ltr'><strong>conservacionem</strong></span> <span class='ocrx_word' id='word_1_179' title='bbox 891 2427 989 2506; x_wconf 86' lang='lat' dir='ltr'><strong>jurium</strong></span> <span class='ocrx_word' id='word_1_180' title='bbox 1004 2428 1069 2490; x_wconf 93' lang='lat' dir='ltr'><strong>dicti</strong></span> <span class='ocrx_word' id='word_1_181' title='bbox 1085 2429 1168 2491; x_wconf 89' lang='lat' dir='ltr'><strong>castri</strong></span> <span class='ocrx_word' id='word_1_182' title='bbox 1180 2443 1201 2490; x_wconf 79' lang='lat'><strong>³.</strong></span> 
     </span>
    </p>

    <p class='ocr_par' dir='ltr' id='par_1_4' title="bbox 128 2525 1205 3073">
     <span class='ocr_line' id='line_1_21' title="bbox 172 2525 1204 2608; baseline 0.001 -22"><span class='ocrx_word' id='word_1_183' title='bbox 172 2527 235 2600; x_wconf 84' lang='lat'><em>163.</em></span> <span class='ocrx_word' id='word_1_184' title='bbox 260 2533 340 2603; x_wconf 91' lang='lat' dir='ltr'><strong>ltem,</strong></span> <span class='ocrx_word' id='word_1_185' title='bbox 366 2526 451 2608; x_wconf 90' lang='lat' dir='ltr'><strong>qood.</strong></span> <span class='ocrx_word' id='word_1_186' title='bbox 472 2525 546 2588; x_wconf 88' lang='lat' dir='ltr'><strong>aliud</strong></span> <span class='ocrx_word' id='word_1_187' title='bbox 569 2525 781 2588; x_wconf 86' lang='lat' dir='ltr'><strong>instrumentum</strong></span> <span class='ocrx_word' id='word_1_188' title='bbox 805 2525 936 2605; x_wconf 88' lang='lat' dir='ltr'><strong>scriptum</strong></span> <span class='ocrx_word' id='word_1_189' title='bbox 961 2543 1043 2586; x_wconf 91' lang='lat' dir='ltr'><strong>manu</strong></span> <span class='ocrx_word' id='word_1_190' title='bbox 1068 2527 1143 2588; x_wconf 84' lang='lat' dir='ltr'><strong>Petri</strong></span> <span class='ocrx_word' id='word_1_191' title='bbox 1168 2525 1204 2587; x_wconf 91' lang='lat' dir='ltr'><strong>de</strong></span> 
     </span>
     <span class='ocr_line' id='line_1_22' title="bbox 129 2621 1205 2700; baseline 0.004 -20"><span class='ocrx_word' id='word_1_192' title='bbox 129 2622 216 2684; x_wconf 90' lang='lat' dir='ltr'><strong>lomis</strong></span> <span class='ocrx_word' id='word_1_193' title='bbox 230 2623 344 2700; x_wconf 89' lang='lat' dir='ltr'><strong>notarii,</strong></span> <span class='ocrx_word' id='word_1_194' title='bbox 361 2623 413 2684; x_wconf 89' lang='lat' dir='ltr'><strong>sub</strong></span> <span class='ocrx_word' id='word_1_195' title='bbox 425 2641 499 2684; x_wconf 91' lang='lat' dir='ltr'><strong>anno</strong></span> <span class='ocrx_word' id='word_1_196' title='bbox 518 2629 656 2683; x_wconf 84' lang='lat' dir='ltr'><strong>lncamat.</strong></span> <span class='ocrx_word' id='word_1_197' title='bbox 676 2622 730 2683; x_wconf 81' lang='lat' dir='ltr'><strong>Diri</strong></span> <span class='ocrx_word' id='word_1_198' title='bbox 744 2628 953 2698; x_wconf 71' lang='lat' dir='ltr'><strong>M⁰lll⁰lllllll⁰‚</strong></span> <span class='ocrx_word' id='word_1_199' title='bbox 972 2621 1017 2683; x_wconf 91' lang='lat' dir='ltr'><strong>die</strong></span> <span class='ocrx_word' id='word_1_200' title='bbox 1043 2641 1080 2684; x_wconf 90' lang='lat' dir='ltr'><strong>xv</strong></span> <span class='ocrx_word' id='word_1_201' title='bbox 1102 2623 1205 2685; x_wconf 88' lang='lat' dir='ltr'><strong>mensis</strong></span> 
     </span>
     <span class='ocr_line' id='line_1_23' title="bbox 129 2717 1204 2800; baseline 0.004 -22"><span class='ocrx_word' id='word_1_202' title='bbox 129 2719 261 2794; x_wconf 87' lang='lat' dir='ltr'><strong>octubris,</strong></span> <span class='ocrx_word' id='word_1_203' title='bbox 279 2719 424 2781; x_wconf 89' lang='lat' dir='ltr'><strong>continens</strong></span> <span class='ocrx_word' id='word_1_204' title='bbox 438 2718 513 2800; x_wconf 90' lang='lat' dir='ltr'><strong>quod</strong></span> <span class='ocrx_word' id='word_1_205' title='bbox 527 2718 667 2780; x_wconf 86' lang='lat' dir='ltr'><strong>lohannes</strong></span> <span class='ocrx_word' id='word_1_206' title='bbox 679 2718 802 2800; x_wconf 91' lang='lat' dir='ltr'><strong>Capiclin</strong></span> <span class='ocrx_word' id='word_1_207' title='bbox 818 2717 854 2780; x_wconf 91' lang='lat' dir='ltr'><strong>de</strong></span> <span class='ocrx_word' id='word_1_208' title='bbox 869 2718 1007 2798; x_wconf 85' lang='lat' dir='ltr'><strong>Lugduno</strong></span> <span class='ocrx_word' id='word_1_209' title='bbox 1023 2719 1165 2800; x_wconf 88' lang='lat' dir='ltr'><strong>aquitiavit</strong></span> <span class='ocrx_word' id='word_1_210' title='bbox 1177 2732 1204 2782; x_wconf 91' lang='lat' dir='ltr'><strong>et</strong></span> 
     </span>
     <span class='ocr_line' id='line_1_24' title="bbox 129 2813 1204 2897; baseline 0.002 -23"><span class='ocrx_word' id='word_1_211' title='bbox 129 2813 255 2877; x_wconf 87' lang='lat' dir='ltr'><strong>liberavit</strong></span> <span class='ocrx_word' id='word_1_212' title='bbox 281 2816 404 2897; x_wconf 84' lang='lat' dir='ltr'><strong>plenarie</strong></span> <span class='ocrx_word' id='word_1_213' title='bbox 431 2816 507 2877; x_wconf 90' lang='lat' dir='ltr'><strong>dom.</strong></span> <span class='ocrx_word' id='word_1_214' title='bbox 539 2816 695 2897; x_wconf 80' lang='lat' dir='ltr'><strong>Guigonem</strong></span> <span class='ocrx_word' id='word_1_215' title='bbox 728 2815 886 2896; x_wconf 90' lang='lat' dir='ltr'><strong>dalphinum</strong></span> <span class='ocrx_word' id='word_1_216' title='bbox 916 2817 990 2877; x_wconf 88' lang='lat' dir='ltr'><strong>bone</strong></span> <span class='ocrx_word' id='word_1_217' title='bbox 1013 2816 1147 2878; x_wconf 90' lang='lat' dir='ltr'><strong>memorie</strong></span> <span class='ocrx_word' id='word_1_218' title='bbox 1169 2814 1204 2876; x_wconf 87' lang='lat' dir='ltr'><strong>dc</strong></span> 
     </span>
     <span class='ocr_line' id='line_1_25' title="bbox 129 2912 1204 2994; baseline 0 -22"><span class='ocrx_word' id='word_1_219' title='bbox 129 2915 226 2974; x_wconf 83' lang='lat' dir='ltr'><strong>Vlll¹¹</strong></span> <span class='ocrx_word' id='word_1_220' title='bbox 246 2912 325 2975; x_wconf 90' lang='lat' dir='ltr'><strong>libris</strong></span> <span class='ocrx_word' id='word_1_221' title='bbox 341 2913 491 2989; x_wconf 84' lang='lat' dir='ltr'><strong>viennen,</strong></span> <span class='ocrx_word' id='word_1_222' title='bbox 514 2925 675 2994; x_wconf 85' lang='lat' dir='ltr'><strong>computato</strong></span> <span class='ocrx_word' id='word_1_223' title='bbox 696 2919 810 2974; x_wconf 86' lang='lat' dir='ltr'><strong>Turono</strong></span> <span class='ocrx_word' id='word_1_224' title='bbox 835 2931 934 2993; x_wconf 87' lang='lat' dir='ltr'><strong>grosso</strong></span> <span class='ocrx_word' id='word_1_225' title='bbox 948 2931 999 2994; x_wconf 89' lang='lat' dir='ltr'><strong>pro</strong></span> <span class='ocrx_word' id='word_1_226' title='bbox 1025 2932 1043 2974; x_wconf 85' lang='lat'><strong>11</strong></span> <span class='ocrx_word' id='word_1_227' title='bbox 1068 2912 1149 2974; x_wconf 93' lang='lat' dir='ltr'><strong>solid.</strong></span> <span class='ocrx_word' id='word_1_228' title='bbox 1176 2923 1204 2972; x_wconf 85' lang='lat' dir='ltr'><strong>et</strong></span> 
     </span>
     <span class='ocr_line' id='line_1_26' title="bbox 128 3010 272 3073; baseline 0.035 -5"><span class='ocrx_word' id='word_1_229' title='bbox 128 3027 156 3069; x_wconf 85' lang='lat' dir='ltr'><strong>vr</strong></span> <span class='ocrx_word' id='word_1_230' title='bbox 174 3010 272 3073; x_wconf 88' lang='lat' dir='ltr'><strong>denar.</strong></span> 
     </span>
    </p>

    <p class='ocr_par' dir='ltr' id='par_1_5' title="bbox 125 3105 1204 3577">
     <span class='ocr_line' id='line_1_27' title="bbox 170 3105 1200 3190; baseline -0.001 -22"><span class='ocrx_word' id='word_1_231' title='bbox 170 3110 235 3187; x_wconf 84' lang='lat'>164.</span> <span class='ocrx_word' id='word_1_232' title='bbox 260 3115 340 3185; x_wconf 87' lang='lat' dir='ltr'><strong>ltem,</strong></span> <span class='ocrx_word' id='word_1_233' title='bbox 357 3109 442 3190; x_wconf 85' lang='lat' dir='ltr'><strong>qued.</strong></span> <span class='ocrx_word' id='word_1_234' title='bbox 465 3109 555 3170; x_wconf 89' lang='lat' dir='ltr'><strong>littera</strong></span> <span class='ocrx_word' id='word_1_235' title='bbox 575 3127 624 3170; x_wconf 84' lang='lat' dir='ltr'><strong>ser</strong></span> <span class='ocrx_word' id='word_1_236' title='bbox 644 3107 739 3188; x_wconf 81' lang='lat' dir='ltr'><strong>sigillis</strong></span> <span class='ocrx_word' id='word_1_237' title='bbox 760 3108 847 3170; x_wconf 89' lang='lat' dir='ltr'><strong>cereis</strong></span> <span class='ocrx_word' id='word_1_238' title='bbox 872 3107 1051 3188; x_wconf 80' lang='lat' dir='ltr'><strong>impendenti</strong></span> <span class='ocrx_word' id='word_1_239' title='bbox 1071 3105 1200 3187; x_wconf 87' lang='lat' dir='ltr'><strong>sigillata,</strong></span> 
     </span>
     <span class='ocr_line' id='line_1_28' title="bbox 126 3203 1202 3286; baseline -0.001 -21"><span class='ocrx_word' id='word_1_240' title='bbox 126 3205 230 3286; x_wconf 87' lang='lat' dir='ltr'><strong>scripta</strong></span> <span class='ocrx_word' id='word_1_241' title='bbox 253 3206 306 3268; x_wconf 92' lang='lat' dir='ltr'><strong>sub</strong></span> <span class='ocrx_word' id='word_1_242' title='bbox 330 3225 404 3267; x_wconf 90' lang='lat' dir='ltr'><strong>anno</strong></span> <span class='ocrx_word' id='word_1_243' title='bbox 430 3205 485 3266; x_wconf 85' lang='lat' dir='ltr'><strong>oni</strong></span> <span class='ocrx_word' id='word_1_244' title='bbox 506 3211 711 3280; x_wconf 70' lang='lat' dir='ltr'><strong>nt⁰llclxvll⁰‚</strong></span> <span class='ocrx_word' id='word_1_245' title='bbox 735 3204 879 3266; x_wconf 89' lang='lat' dir='ltr'><strong>continens</strong></span> <span class='ocrx_word' id='word_1_246' title='bbox 904 3203 1081 3267; x_wconf 90' lang='lat' dir='ltr'><strong>concordiam</strong></span> <span class='ocrx_word' id='word_1_247' title='bbox 1102 3203 1202 3264; x_wconf 83' lang='lat' dir='ltr'><strong>factam</strong></span> 
     </span>
     <span class='ocr_line' id='line_1_29' title="bbox 127 3299 1204 3383; baseline -0.003 -22"><span class='ocrx_word' id='word_1_248' title='bbox 127 3301 199 3365; x_wconf 90' lang='lat' dir='ltr'><strong>inter</strong></span> <span class='ocrx_word' id='word_1_249' title='bbox 226 3303 301 3364; x_wconf 90' lang='lat' dir='ltr'><strong>dom.</strong></span> <span class='ocrx_word' id='word_1_250' title='bbox 329 3303 484 3383; x_wconf 85' lang='lat' dir='ltr'><strong>Guigonem</strong></span> <span class='ocrx_word' id='word_1_251' title='bbox 509 3301 669 3382; x_wconf 89' lang='lat' dir='ltr'><strong>dalphinum</strong></span> <span class='ocrx_word' id='word_1_252' title='bbox 693 3299 889 3377; x_wconf 87' lang='lat' dir='ltr'><strong>Viennensem,</strong></span> <span class='ocrx_word' id='word_1_253' title='bbox 916 3319 950 3362; x_wconf 85' lang='lat' dir='ltr'><strong>ex</strong></span> <span class='ocrx_word' id='word_1_254' title='bbox 977 3318 1032 3360; x_wconf 91' lang='lat' dir='ltr'><strong>una</strong></span> <span class='ocrx_word' id='word_1_255' title='bbox 1056 3312 1145 3378; x_wconf 88' lang='lat' dir='ltr'><strong>parte,</strong></span> <span class='ocrx_word' id='word_1_256' title='bbox 1176 3309 1204 3359; x_wconf 91' lang='lat' dir='ltr'><strong>et</strong></span> 
     </span>
     <span class='ocr_line' id='line_1_30' title="bbox 125 3393 1203 3461; baseline -0.006 -1"><span class='ocrx_word' id='word_1_257' title='bbox 125 3399 236 3460; x_wconf 89' lang='lat' dir='ltr'><strong>nobiles</strong></span> <span class='ocrx_word' id='word_1_258' title='bbox 248 3400 325 3461; x_wconf 89' lang='lat' dir='ltr'><strong>viros</strong></span> <span class='ocrx_word' id='word_1_259' title='bbox 341 3399 417 3460; x_wconf 92' lang='lat' dir='ltr'><strong>dom.</strong></span> <span class='ocrx_word' id='word_1_260' title='bbox 436 3398 606 3460; x_wconf 79' lang='lat' dir='ltr'><strong>hrthaudum</strong></span> <span class='ocrx_word' id='word_1_261' title='bbox 627 3397 663 3458; x_wconf 91' lang='lat' dir='ltr'><strong>de</strong></span> <span class='ocrx_word' id='word_1_262' title='bbox 685 3397 850 3459; x_wconf 88' lang='lat' dir='ltr'><strong>Rossillione</strong></span> <span class='ocrx_word' id='word_1_263' title='bbox 869 3409 897 3458; x_wconf 92' lang='lat' dir='ltr'><strong>et</strong></span> <span class='ocrx_word' id='word_1_264' title='bbox 923 3395 1098 3458; x_wconf 88' lang='lat' dir='ltr'><strong>Guillelmum</strong></span> <span class='ocrx_word' id='word_1_265' title='bbox 1118 3393 1203 3455; x_wconf 86' lang='lat' dir='ltr'><strong>lilium</strong></span> 
     </span>
     <span class='ocr_line' id='line_1_31' title="bbox 126 3491 1203 3577; baseline -0.006 -18"><span class='ocrx_word' id='word_1_266' title='bbox 126 3497 196 3576; x_wconf 81' lang='lat' dir='ltr'><strong>ejus,</strong></span> <span class='ocrx_word' id='word_1_267' title='bbox 214 3517 249 3558; x_wconf 85' lang='lat' dir='ltr'><strong>ex</strong></span> <span class='ocrx_word' id='word_1_268' title='bbox 261 3497 359 3572; x_wconf 89' lang='lat' dir='ltr'><strong>altera,</strong></span> <span class='ocrx_word' id='word_1_269' title='bbox 377 3515 459 3577; x_wconf 90' lang='lat' dir='ltr'><strong>super</strong></span> <span class='ocrx_word' id='word_1_270' title='bbox 473 3510 565 3558; x_wconf 88' lang='lat' dir='ltr'><strong>castro</strong></span> <span class='ocrx_word' id='word_1_271' title='bbox 584 3495 689 3576; x_wconf 85' lang='lat' dir='ltr'><strong>Ruppis</strong></span> <span class='ocrx_word' id='word_1_272' title='bbox 709 3495 745 3556; x_wconf 88' lang='lat' dir='ltr'><strong>de</strong></span> <span class='ocrx_word' id='word_1_273' title='bbox 769 3495 867 3576; x_wconf 88' lang='lat' dir='ltr'><strong>Cluey,</strong></span> <span class='ocrx_word' id='word_1_274' title='bbox 884 3505 913 3555; x_wconf 88' lang='lat' dir='ltr'><strong>et</strong></span> <span class='ocrx_word' id='word_1_275' title='bbox 929 3492 981 3555; x_wconf 86' lang='lat' dir='ltr'><strong>fuit</strong></span> <span class='ocrx_word' id='word_1_276' title='bbox 1004 3491 1203 3553; x_wconf 89' lang='lat' dir='ltr'><strong>concordatum</strong></span> 
     </span>
    </p>
   </div>
   <div class='ocr_carea' id='block_1_2' title="bbox 125 3587 1207 4043">
    <p class='ocr_par' dir='ltr' id='par_1_6' title="bbox 125 3587 1207 4043">
     <span class='ocr_line' id='line_1_32' title="bbox 125 3587 1206 3674; baseline -0.005 -20"><span class='ocrx_word' id='word_1_277' title='bbox 125 3611 176 3673; x_wconf 86' lang='lat' dir='ltr'><strong>per</strong></span> <span class='ocrx_word' id='word_1_278' title='bbox 189 3594 286 3674; x_wconf 88' lang='lat' dir='ltr'><strong>plures</strong></span> <span class='ocrx_word' id='word_1_279' title='bbox 299 3592 408 3654; x_wconf 87' lang='lat' dir='ltr'><strong>nobiles</strong></span> <span class='ocrx_word' id='word_1_280' title='bbox 420 3592 586 3654; x_wconf 88' lang='lat' dir='ltr'><strong>mediatores</strong></span> <span class='ocrx_word' id='word_1_281' title='bbox 600 3591 771 3654; x_wconf 89' lang='lat' dir='ltr'><strong>interdictas</strong></span> <span class='ocrx_word' id='word_1_282' title='bbox 787 3604 881 3671; x_wconf 90' lang='lat' dir='ltr'><strong>partes</strong></span> <span class='ocrx_word' id='word_1_283' title='bbox 899 3588 974 3670; x_wconf 85' lang='lat' dir='ltr'><strong>qood</strong></span> <span class='ocrx_word' id='word_1_284' title='bbox 990 3589 1079 3652; x_wconf 87' lang='lat' dir='ltr'><strong>dictus</strong></span> <span class='ocrx_word' id='word_1_285' title='bbox 1093 3587 1206 3650; x_wconf 88' lang='lat' dir='ltr'><strong>Guillel-</strong></span> 
     </span>
     <span class='ocr_line' id='line_1_33' title="bbox 125 3685 1207 3774; baseline -0.003 -24"><span class='ocrx_word' id='word_1_286' title='bbox 125 3709 187 3752; x_wconf 88' lang='lat' dir='ltr'><strong>mus</strong></span> <span class='ocrx_word' id='word_1_287' title='bbox 203 3690 243 3752; x_wconf 89' lang='lat' dir='ltr'><strong>de</strong></span> <span class='ocrx_word' id='word_1_288' title='bbox 257 3690 421 3774; x_wconf 85' lang='lat' dir='ltr'><strong>Rossillione</strong></span> <span class='ocrx_word' id='word_1_289' title='bbox 440 3702 550 3752; x_wconf 89' lang='lat' dir='ltr'><strong>teneret</strong></span> <span class='ocrx_word' id='word_1_290' title='bbox 569 3688 673 3750; x_wconf 90' lang='lat' dir='ltr'><strong>dictum</strong></span> <span class='ocrx_word' id='word_1_291' title='bbox 693 3699 825 3762; x_wconf 89' lang='lat' dir='ltr'><strong>castrum,</strong></span> <span class='ocrx_word' id='word_1_292' title='bbox 843 3685 974 3766; x_wconf 89' lang='lat' dir='ltr'><strong>quamdiu</strong></span> <span class='ocrx_word' id='word_1_293' title='bbox 994 3699 1068 3748; x_wconf 88' lang='lat' dir='ltr'><strong>esset</strong></span> <span class='ocrx_word' id='word_1_294' title='bbox 1087 3686 1115 3747; x_wconf 95' lang='lat' dir='ltr'><strong>in</strong></span> <span class='ocrx_word' id='word_1_295' title='bbox 1129 3686 1207 3748; x_wconf 90' lang='lat' dir='ltr'><strong>maii-</strong></span> 
     </span>
     <span class='ocr_line' id='line_1_34' title="bbox 125 3783 1204 3872; baseline -0.002 -24"><span class='ocrx_word' id='word_1_296' title='bbox 125 3789 252 3850; x_wconf 85' lang='lat' dir='ltr'><strong>rolentia</strong></span> <span class='ocrx_word' id='word_1_297' title='bbox 270 3787 412 3872; x_wconf 77' lang='lat' dir='ltr'><strong>hy(mari)</strong></span> <span class='ocrx_word' id='word_1_298' title='bbox 436 3787 472 3849; x_wconf 91' lang='lat' dir='ltr'><strong>de</strong></span> <span class='ocrx_word' id='word_1_299' title='bbox 487 3787 623 3860; x_wconf 76' lang='lat' dir='ltr'><strong>Pinaria,</strong></span> <span class='ocrx_word' id='word_1_300' title='bbox 650 3799 678 3846; x_wconf 90' lang='lat' dir='ltr'><strong>et</strong></span> <span class='ocrx_word' id='word_1_301' title='bbox 699 3785 787 3866; x_wconf 89' lang='lat' dir='ltr'><strong>ipsum</strong></span> <span class='ocrx_word' id='word_1_302' title='bbox 816 3796 958 3846; x_wconf 90' lang='lat' dir='ltr'><strong>teneretur</strong></span> <span class='ocrx_word' id='word_1_303' title='bbox 983 3783 1101 3846; x_wconf 83' lang='lat' dir='ltr'><strong>reddere</strong></span> <span class='ocrx_word' id='word_1_304' title='bbox 1129 3783 1204 3846; x_wconf 90' lang='lat' dir='ltr'><strong>dicto</strong></span> 
     </span>
     <span class='ocr_line' id='line_1_35' title="bbox 125 3873 1205 3968; baseline -0.004 -22"><span class='ocrx_word' id='word_1_305' title='bbox 125 3884 203 3947; x_wconf 87' lang='lat' dir='ltr'><strong>dom.</strong></span> <span class='ocrx_word' id='word_1_306' title='bbox 222 3883 356 3965; x_wconf 80' lang='lat' dir='ltr'><strong>delphino</strong></span> <span class='ocrx_word' id='word_1_307' title='bbox 370 3884 545 3968; x_wconf 88' lang='lat' dir='ltr'><strong>quandoper</strong></span> <span class='ocrx_word' id='word_1_308' title='bbox 560 3873 623 3945; x_wconf 88' lang='lat' dir='ltr'><strong>eum</strong></span> <span class='ocrx_word' id='word_1_309' title='bbox 638 3881 682 3960; x_wconf 87' lang='lat' dir='ltr'><strong>vel</strong></span> <span class='ocrx_word' id='word_1_310' title='bbox 696 3895 775 3944; x_wconf 90' lang='lat' dir='ltr'><strong>suum</strong></span> <span class='ocrx_word' id='word_1_311' title='bbox 791 3893 1000 3961; x_wconf 89' lang='lat' dir='ltr'><strong>procuratorem</strong></span> <span class='ocrx_word' id='word_1_312' title='bbox 1014 3880 1096 3942; x_wconf 82' lang='lat' dir='ltr'><strong>luerit</strong></span> <span class='ocrx_word' id='word_1_313' title='bbox 1110 3881 1205 3960; x_wconf 87' lang='lat' dir='ltr'><strong>requi-</strong></span> 
     </span>
     <span class='ocr_line' id='line_1_36' title="bbox 125 3995 205 4043; baseline 0.013 -1"><span class='ocrx_word' id='word_1_314' title='bbox 125 3995 205 4043; x_wconf 77' lang='lat' dir='ltr'><strong>situs.</strong></span> 
     </span>
    </p>
   </div>
   <div class='ocr_carea' id='block_1_3' title="bbox 165 4105 1205 4182">
    <p class='ocr_par' dir='ltr' id='par_1_7' title="bbox 165 4105 1205 4182">
     <span class='ocr_line' id='line_1_37' title="bbox 165 4105 1205 4182; baseline -0.01 -12"><span class='ocrx_word' id='word_1_315' title='bbox 165 4133 187 4170; x_wconf 86' lang='lat'><strong>1.</strong></span> <span class='ocrx_word' id='word_1_316' title='bbox 200 4118 235 4170; x_wconf 71' lang='lat' dir='ltr'><strong>Aa</strong></span> <span class='ocrx_word' id='word_1_317' title='bbox 248 4111 382 4169; x_wconf 84' lang='lat' dir='ltr'><strong>Trimiaco.</strong></span> <span class='ocrx_word' id='word_1_318' title='bbox 398 4144 431 4154; x_wconf 93' lang='lat'>-</span> <span class='ocrx_word' id='word_1_319' title='bbox 447 4131 471 4169; x_wconf 92' lang='lat'><strong>2.</strong></span> <span class='ocrx_word' id='word_1_320' title='bbox 487 4114 525 4167; x_wconf 86' lang='lat' dir='ltr'><strong>En</strong></span> <span class='ocrx_word' id='word_1_321' title='bbox 537 4130 570 4166; x_wconf 87' lang='lat' dir='ltr'><strong>nr.</strong></span> <span class='ocrx_word' id='word_1_322' title='bbox 585 4115 606 4166; x_wconf 87' lang='lat' dir='ltr'><strong><em>A</em></strong></span> <span class='ocrx_word' id='word_1_323' title='bbox 621 4109 767 4166; x_wconf 86' lang='lat' dir='ltr'><strong>Funcherie.</strong></span> <span class='ocrx_word' id='word_1_324' title='bbox 783 4139 816 4150; x_wconf 91' lang='lat'>-</span> <span class='ocrx_word' id='word_1_325' title='bbox 834 4127 858 4182; x_wconf 84' lang='lat'><strong>3.</strong></span> <span class='ocrx_word' id='word_1_326' title='bbox 871 4109 908 4164; x_wconf 82' lang='lat' dir='ltr'><strong>En</strong></span> <span class='ocrx_word' id='word_1_327' title='bbox 923 4127 956 4165; x_wconf 88' lang='lat' dir='ltr'><strong>m.</strong></span> <span class='ocrx_word' id='word_1_328' title='bbox 969 4111 990 4162; x_wconf 86' lang='lat' dir='ltr'><em>A</em></span> <span class='ocrx_word' id='word_1_329' title='bbox 1004 4108 1116 4163; x_wconf 86' lang='lat' dir='ltr'><strong>Donacio</strong></span> <span class='ocrx_word' id='word_1_330' title='bbox 1130 4105 1205 4162; x_wconf 89' lang='lat' dir='ltr'><strong>castri</strong></span> 
     </span>
    </p>
   </div>
   <div class='ocr_carea' id='block_1_4' title="bbox 16 4182 545 4254">
    <p class='ocr_par' dir='ltr' id='par_1_8' title="bbox 16 4182 545 4254">
     <span class='ocr_line' id='line_1_38' title="bbox 16 4182 545 4254; baseline -0.004 -14"><span class='ocrx_word' id='word_1_331' title='bbox 16 4243 17 4254; x_wconf 44' lang='grc'>,</span> <span class='ocrx_word' id='word_1_332' title='bbox 126 4185 155 4240; x_wconf 88' lang='lat' dir='ltr'><strong>de</strong></span> <span class='ocrx_word' id='word_1_333' title='bbox 170 4182 325 4240; x_wconf 83' lang='lat' dir='ltr'><strong>Pisanciano</strong></span> <span class='ocrx_word' id='word_1_334' title='bbox 349 4186 413 4240; x_wconf 82' lang='lat' dir='ltr'><strong>lacta</strong></span> <span class='ocrx_word' id='word_1_335' title='bbox 435 4182 545 4240; x_wconf 84' lang='lat' dir='ltr'><strong>donnino.</strong></span> 
     </span>
    </p>
   </div>
   <div class='ocr_carea' id='block_1_5' title="bbox 0 0 1472 4898">
    <p class='ocr_par' dir='ltr' id='par_1_9' title="bbox 0 0 1472 4898">
     <span class='ocr_line' id='line_1_39' title="bbox 0 0 1472 4898; baseline 0 0"><span class='ocrx_word' id='word_1_336' title='bbox 0 0 1472 4898; x_wconf 95' lang='lat' dir='ltr'><strong> </strong></span> 
     </span>
    </p>
   </div>
  </div>
 </body>
</html>
