2842 4900
724 489 903 570 ...204-

278 618 354 690 dom.
368 619 508 686 lohannes
521 620 650 684 domimo
660 621 763 686 Montis
778 621 917 697 Falconis,
931 621 1007 686 dom'.
1025 629 1125 686 Petunt
1136 621 1265 686 dominus
1275 629 1334 685 cas·

275 715 424 780 tillionisin
439 715 586 795 Michallia,
602 717 678 782 dom.
693 719 785 783 Goido
804 719 839 782 de
862 719 1091 800 Monteluppello‚
1108 718 1335 782 dominuscorri-

276 812 358 878 lionis
368 813 397 876 in
409 813 592 892 christanum,
600 828 630 880 et
644 815 769 898 pluribus
783 815 844 880 aliia
855 835 912 897 que
923 836 941 878 a
953 815 1028 880 dicta
1041 815 1154 878 domina
1166 815 1333 878 tenebamur:

278 927 333 990 que
344 908 455 990 quidem
469 909 552 974 leuda
565 911 785 976 traditaluerunt
799 911 878 976 dom⁰
891 911 983 974 comiti
999 931 1050 992 per
1063 911 1131 974 dict
1147 911 1282 975 dominam
1293 911 1335 973 sub

279 1005 364 1072 curuis
377 1005 469 1070 modis
483 1021 512 1071 et
524 1008 735 1076 condicionibus
754 1010 789 1072 in.
795 1009 855 1089 ipsa
869 1008 960 1074 littera
987 1008 1124 1072 contentis
1139 1021 1168 1072 et
1188 1007 1334 1091 desipiatis,

278 1115 307 1166 at
322 1101 413 1166 dictus
428 1121 523 1168 comes
536 1105 640 1170 eadem·
649 1105 767 1170 reddere
782 1104 903 1170 debebat
917 1104 991 1170 dicte
1007 1104 1119 1168 domine
1133 1104 1181 1168 val
1193 1104 1251 1168 suis
1268 1118 1338 1186 prout

277 1197 311 1264 in‘
320 1199 380 1282 ipsa
393 1199 483 1268 littera
496 1201 663 1268 continetur.

322 1296 407 1362 1601.
423 1305 502 1376 luem,
514 1298 601 1381 quod.
613 1299 690 1381 publ.
704 1299 915 1366 instrumentum
923 1300 1056 1382 scriptum
1066 1295 1335 1364 manulneobicheu

278 1395 342 1460 terii
367 1395 466 1460 nummi
488 1397 565 1477 publ.
583 1395 635 1460 sub
650 1417 725 1462 anno
751 1398 805 1464 Dii
836 1405 936 1462 hl⁰CC⁰
950 1405 1064 1478 octuag⁰
1076 1403 1153 1473 Vll·,
1168 1396 1333 1467 indierrrur,

279 1510 374 1558 menae
390 1491 537 1568 novembri,
555 1492 601 1556 die
620 1493 685 1556 lune
710 1508 775 1558 ante
789 1494 889 1558 festum
919 1495 945 1558 b¹
972 1494 1084 1558 hndree
1098 1492 1218 1575 apostoli
1233 1491 1273 1554 sil.
1285 1497 1334 1552 vrrr

233 1621 237 1628 ·
279 1588 388 1654 calend.
403 1588 570 1666 decembris,
581 1590 728 1654 continens
736 1591 921 1659 donationem
935 1591 1035 1656 laetam
1048 1590 1169 1672 perill⁰¹¹¹
1183 1590 1257 1654 dom.
1268 1588 1336 1669 B(ea·

279 1685 398 1767 tricem)¹
407 1684 564 1766 dalphinum
579 1685 718 1749 dominam
732 1685 892 1770 Fucigniaci
905 1688 940 1754 ill
954 1689 1015 1766 viro
1029 1688 1106 1753 doro.
1125 1686 1273 1752 humberto
1286 1684 1336 1748 dul-

280 1783 365 1865 pbino
377 1783 524 1846 Viennensi
535 1784 570 1846 de
580 1797 672 1847 castro
686 1785 721 1848 de
738 1786 778 1848 les
790 1787 889 1870 Cleyes
899 1799 928 1850 et
939 1799 1030 1852 castro
1046 1785 1081 1848 de
1091 1784 1185 1849 Verdo
1196 1797 1224 1848 et
1236 1782 1335 1865 plurium

243 1873 250 1888 '
280 1881 395 1944 aliorum
409 1894 574 1958 castrorum,
590 1881 736 1944 feudorum
751 1895 781 1946 tt
796 1883 980 1948 dominiorum
994 1881 1022 1944 in
1041 1880 1116 1946 dicta
1131 1881 1226 1946 littera
1237 1892 1337 1946 eonten-

280 1990 383 2052 torum,
399 1977 451 2040 sub
461 1978 552 2042 modis
561 1991 590 2042 et
603 1978 808 2043 conditionibus
823 1978 922 2061 inipso
935 1979 1083 2044 contentis.

328 2078 412 2138 1602.
443 2082 523 2151 ltem,
552 2074 637 2157 qued.
670 2075 766 2140 lietera
791 2076 901 2140 duobus
927 2075 1022 2157 sigillis
1044 2076 1073 2138 in
1086 2073 1218 2156 pendenti
1227 2071 1334 2155 sigillata,
1412 2089 1413 2164 J

283 2171 386 2254 scripta
399 2173 452 2238 sub
475 2192 549 2238 anno
576 2172 629 2236 oni
654 2179 920 2250 m⁰cc⁰txx⁰v11⁰,
946 2172 991 2236 die
1015 2171 1155 2236 dominico
1177 2184 1240 2234 ante
1253 2169 1336 2232 tatum
1412 2181 1413 2260 J

282 2269 470 2350 apostolorum
482 2269 610 2352 symonis
626 2281 656 2332 et
665 2269 747 2344 lude,
770 2269 915 2332 continent
931 2269 1007 2350 quod
1019 2269 1054 2330 d⁸
1080 2276 1174 2332 Leona
1199 2263 1337 2330 dominade
1412 2281 1413 2290 ¹

282 2371 343 2430 latu
354 2379 383 2430 et
396 2373 495 2433 Petrus
509 2367 568 2446 ejus
580 2365 651 2432 lilius
666 2366 834 2430 mandebant
849 2373 934 2430 Petro
951 2364 1063 2432 domiuo
1090 2365 1128 2428 de
1150 2363 1299 2428 castillione
1315 2359 1337 2420 in

284 2463 422 2528 Michallia
445 2477 476 2528 ut
498 2463 659 2546 homagium
674 2477 702 2528 et
723 2462 895 2540 fidelitatem,
918 2463 947 2525 in
969 2461 1070 2544 quibus
1083 2461 1178 2526 eidem
1199 2459 1337 2531 tenebatur,

284 2573 458 2640 presumeret
470 2559 575 2624 laceret
586 2559 622 2623 ill¹
636 2559 697 2624 viro
721 2560 797 2622 dom.
816 2559 970 2626 humberto
985 2559 1099 2622 domino
1113 2558 1149 2622 de
1159 2561 1256 2622 Tuum.

331 2657 414 2735 1603.
438 2663 517 2734 ltem,
546 2658 633 2739 quod.
654 2657 737 2738 publ.
758 2657 969 2722 instrumentum
992 2656 1124 2737 scripturn
1145 2673 1231 2718 manu
1256 2647 1339 2714 llumb¹
1411 2669 1412 2676 ¹

287 2750 368 2822 Pilati
388 2764 449 2816 not.
465 2753 532 2834 pub.
550 2753 603 2816 sub
618 2773 697 2816 amro
715 2752 769 2818 Dt'ri
784 2759 1039 2829 memororum,
1049 2751 1133 2816 indic.
1147 2764 1211 2826 xum,
1228 2750 1341 2812 derium
1411 2765 1412 2772 ¹

286 2848 388 2912 mensis
403 2849 507 2930 aprilis,
522 2850 668 2913 continens
680 2849 877 2932 quittacionem
891 2849 965 2931 quod
980 2849 1080 2913 nobilis
1095 2848 1138 2910 uir
1156 2848 1232 2911 dom.
1248 2841 1341 2908 orihel
1411 2861 1412 2940 J

271 2965 347 3010 ‘mus
358 2945 393 3010 de
405 2946 555 3028 comperio
582 2947 661 3010 miles
672 2981 675 3010 ;
686 2946 769 3011 solvit
791 2962 819 3012 et
843 2947 979 3030 quittavit
992 2947 1069 3009 dom.
1086 2943 1244 3026 dalphinum
1257 2943 1289 3006 de
1302 2941 1340 3002 llm
1411 2961 1412 2968 ¹

286 3044 384 3109 lloren.
413 3043 552 3108 Florentie
567 3044 612 3106 vel
626 3044 700 3107 circa
721 3043 799 3110 etde
815 3043 875 3108 aliis
889 3043 1017 3108 omnibus
1041 3056 1070 3106 et
1093 3041 1209 3123 singulis
1219 3037 1343 3104 debitiset

287 3139 508 3222 obligationibus
519 3140 750 3224 quibuscumque,
764 3140 902 3223 inquibus
916 3140 1006 3204 dictus
1018 3139 1095 3203 dom.
1112 3137 1256 3220 dalphinum
1269 3134 1342 3198 eidem

283 3236 363 3316 dom.
378 3238 524 3302 Guillelmo
537 3239 684 3304 tenebatur
699 3239 745 3302 vel
759 3251 819 3302 erat
834 3236 983 3318 obligatus,
998 3249 1027 3300 et
1047 3235 1137 3318 ipsum
1154 3234 1184 3296 d.
1203 3230 1343 3313 dalphinum

286 3335 323 3399 de
339 3337 468 3402 omnibus
480 3321 561 3400 solvit
571 3350 600 3401 er
613 3337 730 3419 quitavit
743 3349 773 3400 et
792 3349 912 3398 castrum
929 3333 1114 3399 chastillionis
1130 3331 1220 3395 eidem
1236 3349 1284 3412 pro
1295 3341 1345 3408 pro

288 3433 369 3498 dietis
381 3433 532 3516 obligatum
549 3434 654 3498 remisit
666 3434 777 3516 penitus
792 3446 820 3496 et
829 3431 974 3514 quietavit.

328 3530 419 3611 ·t604.
437 3538 516 3608 luem,
536 3532 621 3614 quod.
638 3531 716 3614 publ.
739 3530 951 3592 instrumentum
976 3527 1020 3610 (ut
1040 3526 1165 3607 1601)...
1182 3519 1343 3590 chaurerii..
1410 3579 1411 3588 ,

288 3627 404 3710 obtuagt
415 3636 490 3706 Vll⁰,
508 3629 592 3693 indit.
608 3647 696 3703 xm...
714 3627 860 3690 continens
873 3625 1063 3690 remissionem
1073 3624 1175 3688 laetam
1190 3623 1265 3686 dom⁰
1276 3626 1346 3682 llum·
1410 3619 1411 3641 ¹

289 3725 368 3788 berto
382 3726 513 3807 dalphino
523 3725 672 3790 Viennensi
686 3739 714 3788 et
728 3722 911 3800 donacionem
933 3739 984 3804 per
1005 3721 1081 3784 dom.
1107 3719 1260 3784 Beatrieem
1273 3708 1347 3777 doni
1382 3762 1384 3764 .

289 3842 352 3886 nam
367 3823 524 3904 Fuuigniaci
537 3822 572 3886 de
587 3825 648 3887 lllm
661 3820 755 3884 librar.
770 3819 906 3885 viennen.
921 3838 991 3901 quas
1004 3816 1126 3880 habebat
1140 3835 1225 3897 supra
1242 3826 1346 3878 casuum

289 3919 325 3982 de
338 3923 446 4001 Versoy
459 3932 488 3982 et
500 3938 583 4000 supra
600 3931 721 3987 castrum
745 3916 839 3994 cluse,
866 3929 895 3980 et
916 3916 978 3996 ipsa
1004 3927 1096 3978 casua
1118 3926 1147 3976 et
1163 3911 1347 3994 obligationem

290 4035 372 4097 quam
385 4015 458 4086 dicta
474 4015 585 4080 domina
594 4014 715 4080 habebat
727 4014 755 4077 in
768 4014 849 4078 dictis
861 4013 969 4078 castris.

335 4111 418 4192 1605.
433 4119 512 4189 ltem,
525 4113 609 4195 qued.
619 4113 708 4176 littera
722 4110 810 4177 tribus
830 4110 925 4193 sigillis
934 4109 963 4174 in
973 4108 1105 4192 pendenti
1120 4107 1247 4190 sigillata,
1261 4101 1347 4182 scripto

291 4207 424 4275 subamno
440 4210 494 4274 noi
504 4216 603 4276 M⁰CC⁰
620 4223 735 4292 octuap⁰
749 4216 813 4285 vlo,
829 4208 874 4273 die
885 4207 981 4272 martis
994 4221 1058 4280 ante
1066 4207 1166 4272 festum
1178 4205 1204 4268 hi
1216 4201 1285 4270 Petri
1293 4193 1345 4278 a(d)
