2936 4898
598 475 735 532 „‚-

168 605 196 647 2.
216 593 295 662 Item,
308 586 446 668 quoddam
462 585 636 667 privilegium
650 604 813 648 concessum
836 604 886 667 per
915 586 991 648 dom.
1021 585 1197 648 Fredericum

126 685 321 765 imperatorem
343 683 498 746 Raimundo
512 683 548 747 de
565 684 743 762 medullione,
763 684 895 765 scriptum
910 703 985 748 anno
1001 677 1089 747 Driice
1102 690 1198 746 lncar-

125 781 244 845 nationis
256 787 503 856 Mvcmxxvlllt,
514 780 611 844 indict.
627 800 680 855 xta,
695 799 769 842 anno
785 781 862 862 regni
880 781 1033 862 ejus(dem)
1046 781 1199 861 imperato-

127 879 164 944 ris
177 887 280 956 ωηο,
292 878 400 960 imperii
414 890 506 942 autent
521 891 625 954 naute,
638 878 770 942 bullatum
782 878 811 940 in
824 879 956 960 pendenti
968 879 996 941 in
1010 878 1102 942 cetico
1112 877 1199 940 rubeo
1270 908 1275 916 ·

128 976 201 1038 bulla
215 995 301 1038 aurea
314 975 401 1057 ipsius
416 975 600 1056 imperatoris,
612 973 757 1039 continens
769 974 844 1057 quod
858 975 931 1038 idem
944 975 1020 1040 dom.
1050 974 1200 1056 imperator

114 1073 200 1148 dicto
211 1073 369 1136 Raimundo
396 1073 431 1136 de
452 1072 629 1148 medullione,
654 1072 729 1154 cu(')
743 1071 876 1136 successit
889 1071 1017 1136 dominus
1035 1072 1198 1152 Delphinus,

128 1169 301 1234 confirmavit
330 1169 460 1252 quicquid
487 1169 648 1250 possidebat
659 1187 710 1250 per
727 1187 758 1232 se
772 1169 817 1232 vel
831 1188 882 1250 per
895 1168 977 1232 aliurn
986 1169 1015 1232 in
1024 1168 1136 1232 feudum
1151 1186 1200 1230 seu

130 1268 249 1332 alodium
263 1269 292 1330 in
307 1282 367 1330 toto
384 1269 500 1350 imperio
521 1281 549 1331 et
567 1267 698 1351 quicquid
715 1281 809 1348 posset
836 1268 963 1349 aquirere
976 1268 1004 1331 in
1023 1267 1156 1341 sutorum,
1174 1277 1203 1328 et

133 1385 280 1445 personam
293 1366 380 1447 ipsius
392 1365 527 1428 retinebat
542 1366 570 1428 in
585 1365 697 1428 servitio
710 1365 797 1446 ipsios
811 1366 985 1446 imperatoris
998 1379 1027 1428 et
1035 1364 1124 1429 eidem
1136 1383 1204 1428 con·

131 1462 249 1526 cedebat
269 1462 345 1544 quod
366 1463 517 1525 dominium
538 1481 587 1524 seu
611 1461 748 1542 juridictio
772 1461 840 1524 nulli
865 1462 1035 1526 concedetur
1058 1463 1086 1525 in
1113 1462 1202 1544 ipsum
1289 1451 1294 1457 ’

134 1559 320 1622 Raimundum
331 1560 377 1623 vel
388 1579 454 1623 suos
468 1559 604 1623 homines.

173 1675 201 1734 3.
226 1664 307 1734 ltem‚
324 1657 465 1738 quoddam
483 1657 656 1739 privilegium
678 1672 841 1718 concessum
864 1676 913 1738 per
928 1656 1106 1720 Fredericttm
1119 1654 1207 1736 impe·

133 1767 252 1816 ratorem
277 1755 357 1816 dom⁰
383 1755 502 1835 Guigoni
533 1754 675 1835 dalphino,
705 1752 844 1834 scriptum
863 1773 937 1816 anno
963 1754 1049 1816 Ditice
1065 1761 1203 1816 lncamat.

134 1857 416 1932 treoxxxvlltt,
428 1870 524 1913 mense
539 1851 645 1931 aprilis,
661 1861 705 1912 ιι·
717 1849 826 1926 indict,
841 1851 995 1932 imperante
1010 1850 1088 1911 dom⁰
1109 1863 1205 1912 nostro
1253 1851 1255 1857 '

135 1947 284 2010 Frederico
300 1949 351 2010 Dei
366 1948 453 2028 gratia
469 1955 656 2010 Romanorum
664 1947 832 2028 imperatore
843 1967 953 2028 semper
964 1959 1093 2028 augusto,
1110 1945 1207 2006 tlem-

123 2044 216 2126 ,salem
233 2058 261 2107 et
278 2043 380 2108 cecilie
395 2064 473 2126 rege,
481 2044 589 2124 imperii
599 2045 658 2123 ejus
667 2063 741 2106 anno
749 2057 843 2120 xvne,
861 2045 939 2126 regni
952 2043 1123 2106 llterusalem
1130 2051 1204 2118 x1110,

135 2143 210 2221 regni
222 2161 293 2204 vero
307 2141 409 2204 cecilie
418 2150 477 2216 m,
493 2141 608 2204 feliciter
619 2161 711 2218 amen,
721 2156 749 2205 et
760 2141 853 2204 datum
861 2141 1111 2224 apudThaurinum
1120 2157 1205 2214 anno,

33 2318 35 2322 .
136 2258 231 2301 mense
245 2251 275 2300 et
289 2237 386 2300 indict.
403 2237 574 2318 prescriptis,
589 2238 735 2320 sigillatum
750 2239 778 2302 in
791 2239 922 2321 pendenti
936 2239 964 2300 in
978 2237 1025 2300 filo
1037 2237 1118 2300 serici
1129 2235 1207 2298 rubei

135 2355 197 2399 cera
210 2336 274 2398 alba
290 2335 380 2415 sigillo
390 2355 491 2415 magno
503 2334 589 2416 ipsius
598 2335 772 2416 imperatoris
784 2357 791 2414 ;
805 2337 834 2397 in
848 2355 903 2417 quo
916 2335 1060 2416 privilegio
1070 2333 1143 2396 idem
1152 2333 1207 2394 im-

136 2447 246 2514 perator
261 2433 400 2496 concessit
414 2433 489 2495 dicto
504 2433 579 2495 dorn.
590 2433 738 2515 G<uigoni)
749 2433 855 2514 argenti
864 2433 986 2495 fodinam
997 2451 1051 2513 que
1064 2443 1106 2494 est
1119 2431 1147 2492 in
1157 2450 1209 2511 po·

135 2541 233 2594 testate
247 2537 345 2605 Rome,
359 2549 422 2592 cum
437 2529 512 2591 omni
525 2529 704 2610 utilitateque
718 2530 783 2593 inde
803 2544 896 2612 posset
912 2530 1070 2612 provenire,
1082 2541 1110 2590 et
1128 2527 1206 2608 quod
1223 2559 1226 2566 ·

137 2628 222 2708 possit
230 2626 336 2690 cudere
349 2641 487 2690 monetam
507 2627 581 2708 apud
606 2633 749 2703 sesanam,
773 2642 801 2690 et
823 2629 905 2691 etiarn
933 2627 1105 2690 confirmavit
1131 2627 1209 2688 dom⁰

137 2725 266 2807 dalphino
275 2725 416 2807 quoddam
430 2727 603 2808 privilegium
629 2727 686 2788 divi
711 2728 820 2808 angusti
846 2727 1018 2808 imperatoris
1045 2743 1208 2790 concessum

139 2823 209 2886 dieto
237 2823 371 2904 dalphino
385 2843 469 2904 super
482 2823 624 2903 predictis,
640 2837 670 2885 ut
689 2823 717 2885 in
733 2824 799 2904 ipsis
818 2823 968 2904 privilegiis
993 2822 1161 2898 continetur,
1182 2833 1210 2882 et

140 2921 225 2984 eidem
238 2921 371 3002 dalphino
383 2921 520 2984 concessit
536 2921 610 3002 quod
631 2940 687 2982 non
700 2935 796 3002 posset
810 2921 938 3002 compelli
960 2922 996 2982 ad
1021 2919 1209 3000 recipiendum

140 3018 273 3096 justiciam
287 3018 338 3080 nisi
354 3036 447 3080 coram
462 3017 523 3098 ipso
539 3018 715 3098 imperatore.
966 3021 973 3034 '

177 3133 207 3192 4.
226 3121 307 3190 ltem,
319 3113 424 3194 quodd.
439 3114 612 3195 privilegium
627 3131 790 3176 concessum
807 3131 858 3193 per
871 3112 1048 3176 Fredericom
1058 3112 1211 3192 imperato-

141 3230 196 3273 rem
207 3212 323 3274 domino
341 3225 436 3274 nostro
457 3211 587 3292 dalphino
613 3211 743 3292 Guigoni,
759 3210 891 3290 scriptum
905 3211 932 3272 in
953 3209 1091 3272 territorio
1102 3215 1211 3270 Tuscu-

142 3307 213 3384 lano,
231 3328 322 3370 nonas
343 3308 411 3386 julii,
427 3325 500 3370 anno
517 3307 603 3369 onice
617 3314 755 3369 lncarnat.
783 3313 949 3381 M0C.L.V⁰,
965 3304 1060 3366 indict.
1084 3319 1136 3379 111³,
1157 3303 1212 3370 im÷

143 3420 254 3486 perante
266 3405 416 3468 Frederico
431 3411 618 3466 Romanorum
632 3402 799 3483 imperatore
809 3401 989 3477 inclitissimo,
1013 3419 1087 3462 anno
1105 3399 1212 3479 imperii

144 3502 200 3581 ejus
216 3512 248 3577 1⁰,
266 3500 346 3582 regni
361 3511 425 3577 11110,
443 3500 576 3564 bullatum
591 3519 654 3561 cera
670 3498 732 3562 alba
744 3499 772 3560 in
786 3498 840 3562 fine
852 3498 938 3579 ipsius
948 3495 1084 3579 privilegii
1093 3496 1212 3577 quadam

143 3615 241 3678 magna
261 3594 341 3668 bulla,
364 3595 447 3658 infixa
474 3611 502 3660 et
515 3597 615 3659 famata
630 3596 658 3657 in
677 3596 749 3677 pelle
772 3594 948 3676 pergaminea
963 3593 1048 3676 ipsius
1065 3593 1212 3674 privilegii,

144 3697 288 3758 continens
311 3694 387 3775 qnod
412 3695 486 3756 idem
512 3695 588 3757 dom.
609 3695 760 3776 imperator
789 3693 866 3756 dedit
886 3692 959 3754 dioto
989 3693 1065 3754 dom.
1084 3690 1214 3770 dalphino
1266 3737 1268 3740 .

144 3791 252 3873 argenti
262 3790 384 3853 fodinam
395 3789 430 3852 de
446 3797 543 3866 Rama,
558 3791 831 3872 inarchiepiscopatu
846 3789 1047 3864 Ebredunensi,
1059 3801 1086 3850 et
1102 3805 1217 3849 conces·
1255 3865 1257 3869 ι

145 3887 182 3950 sit
200 3888 291 3952 eidem
303 3888 434 3969 dalphino
448 3887 522 3969 quod
534 3888 622 3968 possit
638 3887 740 3952 cudere
759 3899 896 3950 monetam
915 3887 1072 3967 ubicunque
1099 3883 1217 3946 voluerit

147 3985 178 4048 in
190 4005 240 4048 suo
258 3985 435 4066 Dalphinatu.

194 4103 216 4164 5.
235 4091 315 4159 ltem,
329 4082 441 4165 quodd.·
454 4083 628 4163 privilegium
650 4101 814 4145 concessum
833 4101 882 4162 per
901 4081 1041 4144 Albertum
1062 4081 1113 4143 Dei
1131 4081 1218 4161 gratia

150 4188 335 4244 Romanorum
349 4180 544 4260 imperatorem
556 4193 815 4260 semperaugustum
829 4179 908 4241 dom⁰
920 4175 1074 4241 Humberto
1088 4175 1219 4256 dalphino
