2844 4900
531 481 570 493 -
591 463 627 524 77
651 481 686 490 -

94 577 132 640 Dii
142 583 439 653 Mocccoxxxvlll⁰‚
454 575 552 640 indict.
584 589 637 653 vit,
653 576 697 639 die
712 589 779 638 xxv·
793 575 895 638 mensis
922 576 1026 658 aprilis,
1055 579 1148 642 conti-

92 695 141 738 nens
153 675 315 757 homagium
335 690 365 748 et
376 675 594 759 recognitionem
608 676 681 739 lacta
696 673 808 738 domino
823 688 919 738 nostro
941 675 1072 756 dalphino
1098 696 1148 760 pet
1231 732 1241 740 .

91 773 146 834 lon.
170 781 323 856 nymamm
337 773 373 836 de
392 773 527 850 Pictavia,
545 772 635 846 ¹videl.
652 772 687 834 de
701 785 793 834 castro
814 785 842 834 et
854 770 945 854 burgo
973 772 1067 850 stelle,
1081 773 1147 836 item

90 885 171 932 tetram
185 871 222 932 de
244 871 378 954 Royanis,
394 872 429 935 de
445 870 616 934 Monteclaro
631 884 660 934 et
673 870 751 951 plura
765 869 818 932 alia
833 869 916 932 leuda
936 868 1094 950 specificata
1120 884 1148 934 et

91 968 213 1030 declarata
225 968 255 1029 in
275 968 375 1031 eodem
391 967 575 1031 instrumento
593 982 612 1030 ¹.

120 1083 180 1145 392.
208 1073 288 1141 ltem,
303 1066 389 1148 quod.
414 1065 492 1146 publ.
508 1065 720 1128 instrumentum
737 1062 870 1144 scripturn
885 1083 967 1125 manu
981 1064 1063 1146 Guig.
1080 1071 1149 1128 Fru-

90 1163 156 1225 menti
169 1176 231 1224 not.
244 1163 312 1243 pub.
332 1176 361 1225 et
374 1163 559 1243 subscriptum
576 1181 659 1224 manu
675 1160 822 1223 Raimundi
839 1160 984 1224 Hurnberti
1009 1161 1045 1225 de
1072 1162 1149 1225 cha-

89 1260 182 1338 pilliano
196 1260 299 1322 notarii
315 1260 407 1340 publ,
432 1260 484 1323 sub
504 1279 576 1322 anno
592 1259 645 1322 Diri
660 1264 891 1334 M0CCC0XL110‚
906 1258 990 1321 indic.
1007 1272 1075 1322 x²et
1103 1259 1148 1323 die

13 1427 14 1430 Ἴ
89 1356 240 1418 turtmensis
259 1356 364 1437 aprilis,
377 1357 522 1419 continens
539 1355 763 1437 recognitionem
782 1369 810 1417 et
824 1355 983 1437 homagium
1004 1356 1147 1435 prestitum

88 1453 210 1516 etinctum
223 1453 259 1516 ill¹
274 1453 390 1534 principi
413 1454 489 1517 dom.
509 1453 803 1534 llumbertodalphino
817 1452 966 1516 Viennensi
980 1473 1030 1534 per
1044 1453 1149 1535 magni-
1246 1519 1253 1528 ,

89 1547 156 1612 icum
169 1551 262 1612 virum
275 1549 351 1613 dom.
366 1550 537 1612 ludovicum
552 1549 588 1612 de
604 1549 740 1625 Picaria,
763 1549 847 1611 videl.
867 1563 986 1612 castrum
1000 1549 1035 1612 de
1053 1550 1148 1627 Stella,

88 1647 139 1710 item
152 1663 256 1711 terram
271 1649 307 1711 de
325 1649 428 1711 Roanis
448 1662 476 1711 et
492 1648 527 1710 de
544 1655 639 1710 Monte
652 1648 775 1711 claruet
796 1648 875 1729 plura
887 1648 940 1710 alia
950 1647 1107 1730 specificata
1121 1650 1149 1712 in

89 1746 175 1808 codem
189 1746 385 1808 instrumento.

120 1861 183 1924 393.
204 1850 284 1919 Item,
303 1842 390 1923 quod.
409 1841 444 1903 al.
462 1841 672 1904 instrumentum
682 1840 902 1922 publscriptum
917 1860 1000 1902 rnanu
1015 1839 1148 1921 Stephani

88 1938 114 2000 de
129 1947 258 2001 Mascone
272 1937 372 2002 notarii
385 1938 477 2019 publ,
494 1939 545 2002 sub
555 1958 629 2003 anno
645 1939 699 2000 Diri
715 1944 949 2014 Mocccoxlltn,
966 1938 1010 2000 die
1026 1957 1054 1999 vr
1069 1957 1150 2000 men·
1200 1981 1208 1992 .

86 2036 116 2098 sis
133 2037 288 2112 decenbris,
304 2037 449 2099 continens
461 2037 670 2118 recogniciones
684 2035 875 2122 homagiorurn
892 2036 979 2098 iactas
996 2054 1046 2116 per
1057 2035 1150 2098 ltomi-

87 2151 128 2195 nes
140 2132 175 2195 de
189 2133 321 2196 Romanis
337 2133 456 2214 Guigoni
471 2133 585 2210 Brossii,
608 2132 750 2212 recipienti
772 2131 883 2194 nomine
903 2131 976 2194 dom'
991 2132 1079 2193 nostri
1091 2132 1150 2194 dal-

87 2231 165 2309 plini,
185 2245 212 2294 et
224 2230 435 2313 promissionem
451 2230 551 2293 iactam
577 2250 628 2312 pet
647 2230 723 2312 ipsos
750 2228 879 2312 homines
901 2228 937 2290 de
962 2228 1055 2290 dando
1074 2229 1149 2292 dicto

87 2326 189 2390 domino
201 2342 305 2392 certam
320 2328 499 2409 quantitatem
516 2328 633 2409 pecunie
647 2347 721 2389 anno
731 2326 866 2408 quolibet,
878 2341 961 2408 prout
973 2327 1009 2391 de
1018 2329 1150 2409 predictis

11 2469 12 2494 p
88 2424 204 2486 omnibus
215 2425 244 2486 in
256 2423 330 2486 dicto
340 2424 526 2502 instrumento
549 2424 657 2506 plenius
671 2424 772 2487 dicitur
782 2424 928 2486 contineri.

124 2539 183 2600 394.
199 2528 277 2598 ltem,
295 2521 382 2602 quod.
397 2521 433 2583 al.
460 2521 673 2584 instrumentum
690 2521 767 2602 publ.
796 2521 928 2602 scripturn
955 2541 1039 2585 uranu
1063 2521 1147 2606 Guig.

89 2617 215 2678 Frumenti
231 2629 292 2679 not.
313 2617 393 2696 pub.,
405 2605 468 2679 'sub
489 2636 563 2680 anno
580 2617 634 2679 Diri
650 2623 868 2692 Moccc0xtt0,
891 2618 936 2680 die
955 2631 1057 2682 xxvru⁰
1072 2619 1147 2695 maii,

90 2711 218 2780 continens
234 2712 483 2795 hostagiamentum
493 2714 687 2777 nonnullorum
701 2714 842 2776 hominum
856 2714 892 2778 de
902 2715 1034 2778 Romanis
1047 2715 1076 2778 in
1088 2717 1148 2798 ipso

91 2807 257 2872 instrumento
272 2810 477 2874 nominatorum
493 2825 522 2872 et
535 2823 618 2892 prout
634 2810 662 2872 in
676 2811 775 2872 eodem
792 2811 960 2874 continetur.

125 2926 184 2989 395.
198 2916 278 2986 item,
289 2906 420 2990 quod.al.
437 2907 514 2988 publ.
539 2908 751 2971 instrumentum
765 2908 897 2989 scripturn
911 2928 995 2972 manu
1010 2907 1148 2971 Guillelmi

93 3008 153 3086 Gay,
169 3004 214 3067 filii
234 3006 304 3068 Boni
317 3012 389 3088 Gay,
407 3018 435 3068 et
448 3019 590 3087 receptum
604 3005 690 3085 ipsius
705 2997 787 3082 iloni,
801 3005 853 3068 sub
873 3025 946 3067 anno
970 3003 1023 3066 unt
1046 3010 1149 3066 ΜΟΕΕο

92 3113 190 3184 onuag0
203 3109 267 3180 111⁰,
280 3101 377 3164 indict.
395 3115 449 3178 ιν,
464 3102 509 3163 die
525 3100 613 3164 sabati
627 3115 691 3182 post
704 3101 803 3164 lestum
824 3101 851 3164 b*
866 3101 987 3174 Martini,
1004 3099 1149 3164 continens

94 3199 154 3276 quod
168 3198 326 3261 Guillelmns
340 3198 376 3260 de
393 3198 533 3280 Ulaysano
551 3212 579 3260 et
592 3198 685 3279 plures
701 3196 746 3259 alii
759 3198 885 3260 homines
910 3198 945 3259 de
975 3197 1105 3261 Romanis
1121 3197 1149 3258 in

94 3292 156 3357 licto
163 3295 343 3360 instrumento
358 3295 489 3358 nominati
497 3315 529 3358 se
541 3309 695 3377 posuerunt
706 3294 735 3356 in
752 3294 828 3357 salva
838 3294 925 3376 garda
939 3294 1012 3356 dom¹
1028 3294 1150 3375 delphini

94 3391 239 3457 Viennensis
250 3408 279 3457 et
289 3393 488 3475 promisserunt
502 3413 531 3456 se
541 3394 656 3457 daturos
671 3407 699 3456 et
708 3391 837 3455 soliturus
847 3407 920 3455 anno
936 3391 1059 3472 quolibet
1074 3391 1149 3454 dicto

93 3485 155 3552 dom.
170 3491 298 3574 delphino
311 3506 340 3553 et
354 3490 413 3571 ejus
435 3491 537 3554 nuncio
551 3505 642 3554 certas
656 3489 806 3572 penciones
820 3487 880 3552 auri
893 3502 921 3552 et
942 3507 1005 3552 cere
1019 3489 1047 3550 in
1074 3487 1149 3550 dicto
1253 3571 1255 3578 Ι

94 3583 168 3648 instr¹⁰
196 3607 355 3651 concessas.

129 3685 187 3764 396.
204 3693 283 3759 item,
302 3684 388 3766 quod.
405 3686 442 3747 al.
456 3684 533 3766 publ.
551 3685 763 3748 instrumentum
777 3683 909 3765 scriptum
928 3701 1010 3744 manu
1026 3681 1101 3746 Petri
1115 3683 1150 3746 de

94 3780 162 3842 Curia
173 3796 202 3844 et
221 3781 407 3863 subscriptum
422 3801 505 3844 manu
520 3782 602 3864 Guig.
624 3782 745 3844 Frumeti
772 3781 941 3844 notariorum
960 3781 1077 3862 public„
1098 3781 1150 3844 sub

93 3894 154 3940 anno
169 3881 220 3942 [liri
238 3886 449 3955 M⁰CCC⁰XL10‚
478 3878 524 3941 die
545 3894 605 3940 xxta
634 3879 735 3942 mensis
759 3879 833 3956 maii,
856 3879 1000 3942 continens
1012 3879 1150 3960 quandam

94 4165 112 4218 h,
127 4101 191 4223 ¹''Atu
204 4099 244 4179 ias
257 4099 288 4224 plu
299 4099 347 4173 fol.
365 4098 415 4168 alep¹
429 4109 452 4152 ν·
469 4117 476 4155 z
492 4099 517 4154 ln
533 4098 581 4154 isto
595 4108 716 4172 quaterno
731 4098 796 4155 alubi
810 4099 962 4156 invenientur
975 4100 1058 4172 plures
1076 4117 1149 4173 quarn

107 4183 126 4220 rc
138 4185 171 4222 sm
196 4187 255 4225 snnu
268 4209 275 4224 .
