2936 4898
712 433 869 478 ιιι-10-

253 546 398 610 continens
430 561 577 612 tractatum
599 562 628 612 et
652 548 858 613 convenciones
883 549 1084 630 sponsaliorum
1106 562 1135 612 et
1163 549 1327 612 matrimonii

253 643 433 706 contrahendi
464 657 492 706 et
521 643 772 710 contrahendorum
792 663 843 725 per
871 644 1021 719 Andreem,
1045 643 1130 708 filium
1154 644 1221 708 dicti
1250 645 1325 706 dom.

205 776 208 780 Δ
255 735 401 802 Humberti
411 740 667 821 delphini,etdom.
682 740 933 816 Blancham,hliam
943 740 1010 804 dicti
1019 741 1095 804 dom.
1107 741 1181 823 regis
1191 747 1326 804 Navarre.

297 855 342 914 37.
363 844 443 913 ltem,
468 836 573 918 quodd.
592 837 732 918 publicum
753 837 966 902 instrumentum
983 837 1116 917 scriptum
1142 851 1171 900 et
1189 837 1327 918 signatum
1364 859 1368 868 ·

252 951 335 998 manu
351 933 482 996 Chaberti
493 934 620 998 Bastonis
635 934 746 1010 notarii,
765 934 817 998 sub
830 953 904 1000 enno
918 933 972 998 Diti
995 939 1211 1009 tltcc‘txcull,
1229 932 1325 996 indict.

252 1043 304 1105 vr,
320 1038 361 1090 νιο
373 1030 486 1092 kalend.
500 1031 578 1109 junii,
595 1029 705 1095 duobus
722 1031 817 1112 sigillis
837 1031 926 1094 cereis
959 1032 988 1094 in
1012 1031 1144 1112 pendenti
1167 1029 1327 1112 sigillatum,

252 1127 397 1192 continens
409 1129 604 1209 quietationem
627 1143 656 1192 et
678 1129 880 1192 absolutionem
894 1129 982 1194 lactas
1004 1149 1055 1210 per
1069 1130 1146 1194 dom.
1175 1127 1328 1194 Amedeum

251 1225 379 1290 comitem
394 1227 531 1290 sabaudie
548 1227 625 1290 dom⁰
641 1228 795 1290 llumberto
808 1228 939 1308 delphino
954 1228 1114 1301 Viennensi,
1149 1225 1262 1291 domino
1292 1226 1329 1290 de

252 1329 352 1399 Turre,
366 1323 402 1385 de
418 1324 547 1406 homagio
561 1323 589 1386 in
608 1344 664 1404 quo
678 1324 753 1386 dicto
781 1324 875 1388 comiti
889 1324 977 1389 teneri
1005 1324 1150 1388 dicebatur
1176 1321 1329 1386 occasione

253 1420 368 1482 baronie
379 1434 454 1482 terre
468 1421 574 1497 Turris,
599 1422 634 1482 de
648 1421 819 1502 Cologniaco
842 1434 871 1486 et
885 1435 977 1484 castro
993 1422 1028 1484 de
1042 1419 1203 1500 Burgundio
1226 1431 1255 1484 et
1271 1419 1332 1499 qui·

255 1515 372 1582 busdam
383 1517 442 1580 aliis
456 1517 554 1582 castris
568 1531 596 1580 et
609 1517 699 1580 leudis
708 1537 763 1598 que
775 1517 804 1580 in
816 1517 891 1582 dicto
907 1518 1091 1581 instrumento
1101 1516 1289 1580 nominantur.

299 1617 344 1694 38.
363 1623 442 1692 ltem,
457 1616 543 1697 quod.
570 1614 710 1696 publicum
736 1615 950 1680 instrumentum
980 1615 1112 1694 scriptum
1140 1633 1223 1676 manu
1255 1611 1331 1676 Petri

254 1713 349 1778 Gtsssi
363 1713 463 1776 notarii
481 1712 572 1794 publ,
586 1711 638 1774 sub
653 1730 726 1774 anno
742 1712 900 1776 Natiuitatis
916 1712 969 1774 nni
995 1719 1218 1789 M⁰CC⁰XC⁰Vl⁰,
1235 1731 1331 1777 mense

255 1811 348 1887 medii,
365 1811 455 1874 tribus
469 1809 575 1891 sigillis,
589 1828 646 1874 uno
660 1828 762 1889 magno
773 1825 801 1874 et
813 1811 923 1874 duobus
935 1811 1039 1890 parvis,
1053 1811 1082 1874 in
1092 1809 1223 1891 pendenti
1232 1810 1333 1891 sigilla·

253 1921 324 1983 tum,
351 1906 498 1970 continens
525 1907 742 1985 matrimonium,
760 1922 934 1972 contractum
958 1920 986 1969 et
1016 1906 1089 1974 dotis
1118 1903 1331 1986 promissionem
1361 1956 1364 1964 l

256 2004 360 2068 dudum
374 2017 547 2066 contractum
562 2019 591 2068 et
601 2004 703 2068 iactam
722 2005 793 2068 inter
812 2004 944 2068 Karolum
960 2009 1037 2078 llum,
1054 2021 1148 2084 regem
1160 2000 1331 2064 iherusalem

255 2113 284 2161 et
296 2099 411 2174 cecilie,
427 2099 629 2163 nominedome
644 2101 777 2164 Beatricis
797 2100 889 2180 neptis
902 2099 988 2180 ipsius
1020 2099 1093 2179 regis
1121 2096 1231 2178 filisque
1256 2096 1331 2158 horre

255 2195 389 2263 memorie
400 2195 485 2276 incliti
499 2196 630 2277 principis
644 2197 718 2259 dom¹
734 2197 828 2262 Katoli
835 2195 1011 2278 primogeniti
1025 2195 1095 2274 ejus,
1112 2193 1232 2275 Ungarie
1247 2193 1330 2274 regis,

256 2305 285 2359 et
298 2292 374 2356 dom.
395 2299 605 2356 Benevenutum
620 2294 657 2356 de
674 2294 828 2374 ‘Compesio
844 2307 872 2356 et
890 2293 966 2356 dom.
982 2293 1136 2356 iohannem
1163 2290 1199 2352 de
1227 2295 1330 2354 sancto

257 2390 371 2466 Sabino,
388 2390 500 2454 nomine
515 2390 589 2453 dom¹
607 2392 740 2455 lobannis
756 2391 890 2473 dalphini.

300 2504 344 2566 39.
357 2493 436 2562 ltenr,
453 2487 539 2567 quod.
558 2487 677 2554 vidimus
693 2489 851 2554 conlectum
865 2507 949 2551 manu
967 2486 1099 2552 Mandoni
1115 2486 1151 2550 de
1175 2494 1331 2560 riversano,

257 2583 309 2645 sub
321 2600 395 2644 anno
413 2577 466 2643 orit
482 2588 722 2661 nt⁰ccc⁰xvul⁰,
738 2585 784 2648 die
799 2599 848 2647 xx⁰
863 2584 997 2659 octobris,
1014 2593 1035 2645 1⁰
1047 2583 1158 2659 indict,
1188 2583 1334 2646 continens

258 2679 378 2742 vidimus
392 2691 420 2741 et
429 2678 586 2759 exemplum
599 2679 774 2744 instrumenti
786 2681 852 2744 dicti
867 2680 1033 2744 matrimonii
1047 2694 1076 2744 et
1100 2680 1234 2744 contracti
1262 2680 1335 2744 inter

181 2765 185 2772 ’
260 2776 364 2840 dictum
381 2775 457 2838 dom.
481 2775 640 2856 dalphinum
663 2791 691 2840 et
717 2778 793 2840 dom.
811 2778 966 2840 beatricem
991 2777 1118 2858 superius
1143 2775 1292 2858 registrati,
1307 2787 1335 2836 et

260 2871 400 2952 quandam
418 2872 524 2938 literam
540 2893 624 2954 super
639 2876 704 2938 dote
714 2875 800 2956 ipsius
820 2876 896 2938 dom.
914 2875 1058 2937 Beatricis.

299 2987 349 3047 40.
375 2976 454 3046 ltem,
473 2971 559 3051 quod.
578 2972 718 3052 publicum
749 2974 961 3037 instrumentum
989 2973 1018 3034 in
1034 2971 1133 3052 gallico
1147 2988 1230 3031 manu
1245 2969 1336 3031 Theo-

262 3064 337 3128 baldi
347 3065 387 3140 ¹de
403 3066 501 3130 Meldis
510 3069 610 3130 notarii
625 3084 780 3150 receptum,
797 3072 848 3133 sub
863 3089 937 3133 anno
964 3070 1017 3134 Diri
1039 3074 1274 3142 M⁰lll⁶llllvlll⁰,
1291 3065 1336 3127 die

260 3177 291 3225 na
320 3164 422 3227 mensis
440 3165 575 3241 octobris,
598 3167 744 3230 continens
757 3180 952 3230 testamentum
967 3166 1060 3229 inclite
1074 3165 1151 3227 dom⁰
1165 3162 1333 3238 clemencie,

263 3262 359 3346 regine
373 3262 500 3340 Francie,
516 3262 544 3324 in
554 3283 610 3344 quo
624 3264 676 3326 sibi
690 3265 821 3328 heredem
831 3264 948 3326 instituit
960 3263 1036 3326 dom.
1064 3262 1246 3325 Humbertum
1275 3259 1338 3321 dal-

263 3357 378 3440 phinum
395 3357 592 3437 Viennensem,
608 3360 661 3424 sub
675 3361 771 3424 lormis
784 3373 812 3426 et
818 3359 1028 3424 condicionibus
1037 3359 1066 3421 in
1080 3359 1141 3440 ipso
1155 3357 1337 3420 instrumento

262 3453 412 3518 contentis.

302 3567 352 3627 41.
374 3556 452 3627 ltem,
468 3551 554 3632 quod.
573 3552 713 3633 publicum
725 3552 937 3616 instrumentum
952 3572 1035 3616 manu
1050 3551 1181 3632 Stephani
1196 3551 1232 3614 de
1249 3558 1338 3612 Dom-

264 3663 320 3726 pno
339 3645 482 3725 scriptum,
497 3647 549 3708 sub
565 3667 638 3709 anno
655 3655 792 3712 lucarnat.
823 3648 876 3712 Dni
905 3655 1145 3723 nt⁰ccc⁰xx111⁰,
1170 3647 1215 3708 die
1241 3645 1338 3725 ¹martis

260 3755 324 3823 post
339 3742 439 3804 festum
471 3744 670 3808 penthecostes
691 3759 761 3808 xvir
788 3746 833 3810 die
851 3746 953 3810 mensis
977 3744 1071 3820 madii,
1099 3744 1244 3808 continens
1265 3761 1339 3804 con-

258 3837 665 3919 ventionesquasdsmiactas
687 3841 856 3906 interdum.
889 3842 1038 3904 henricum
1068 3839 1207 3920 Dalphini‚
1225 3837 1338 3901 nomine
1379 3875 1382 3884 ,

260 3934 333 3998 dom*
346 3935 480 4016 Guigonis
494 3935 551 4014 ejus
565 3938 685 4019 nepotis,
700 3952 897 4021 exunaparte,
907 3951 935 4002 et
944 3938 1020 4002 dom.
1031 3937 1183 4004 sohamam
1197 3935 1336 4017 reginam,

262 4051 345 4114 super
358 4040 455 4095 xxxm
476 4032 606 4096 librarum
617 4035 709 4114 petitis
722 4055 773 4116 per
784 4035 887 4100 dietum
909 4034 984 4096 dom.
1018 4033 1179 4107 llenricum,
1200 4045 1228 4094 et
1257 4050 1339 4111 quas·

205 4207 206 4212 ἵ
263 4129 404 4194 dumalias
424 4129 634 4198 conventiones.
924 4145 927 4153 ’
