2936 4898
119 589 308 652 venditionem
334 589 434 652 iactam
453 607 508 671 pen
526 589 700 653 Guilleimum
729 591 765 654 de
792 589 945 666 bellovisu,
970 589 1006 652 de
1038 602 1130 652 castro
1159 588 1194 650 de

121 685 277 758 talaverio,
292 686 424 767 episcopo
442 685 663 750 Claromontensi
679 687 774 768 precio
790 686 863 749 mille
883 687 1094 768 quingentarum
1108 683 1199 746 libra*

118 801 180 844 rum
192 782 328 845 viennen.
345 797 373 844 et
384 784 526 846 asserebat
536 784 609 846 idem
624 785 753 847 venditor
759 785 864 848 dictum
870 796 990 847 castrum
1003 783 1039 845 de
1050 781 1195 874 Faiauerio

117 879 206 941 teneti
219 879 248 941 in
261 880 376 942 feudum
389 899 405 942 a
420 880 533 942 domino
545 881 581 944 de
601 887 690 944 Turre
706 883 777 946 Pini.

161 993 229 1055 ²05·
246 983 327 1051 item,
343 976 430 1058 quod.
441 977 653 1040 instrumentum
668 978 812 1041 continens
822 980 979 1061 homagium
989 977 1082 1060 ligium
1093 976 1196 1060 presti-

118 1086 178 1135 tum
192 1091 243 1152 per
265 1071 343 1133 dom.
369 1072 554 1148 odobertum,
578 1074 719 1138 dominum
750 1076 917 1150 castrinovi,
943 1075 1087 1156 prestitum
1115 1073 1195 1134 domo

119 1167 250 1249 delphino
263 1181 292 1230 et
305 1168 519 1251 assignationem
537 1171 637 1232 iactam
657 1191 707 1252 per
721 1171 797 1234 dom.
823 1172 982 1254 dalphinum
1007 1170 1096 1234 eidem
1117 1170 1193 1232 dom.

120 1267 264 1329 odoberto
275 1266 311 1328 ad
329 1267 585 1348 recognoscendum
598 1287 631 1329 ea
644 1269 736 1330 omnia
748 1288 803 1351 que
813 1270 927 1333 tenebat
941 1289 957 1330 a
982 1267 1096 1330 domino
1126 1267 1196 1330 inira

120 1377 226 1426 certum
259 1377 371 1444 tempus
392 1364 445 1444 jam
475 1364 522 1426 diu
553 1365 671 1445 lapsum,
696 1365 829 1448 scriptum
863 1385 945 1428 manu
984 1363 1083 1426 Humb¹
1115 1363 1195 1427 Pilati

122 1474 183 1522 not.
197 1459 265 1540 pub.
280 1459 333 1522 sub
349 1479 422 1521 anno
437 1460 490 1522 Diti
503 1467 788 1538 u⁰ccc0xxxrttto‚
810 1462 890 1525 indit.
909 1475 951 1537 ru,
968 1461 1013 1522 die
1029 1473 1089 1522 xxu
1104 1459 1194 1523 m'ens.

120 1556 262 1618 febroarii.

163 1656 230 1716 206.
249 1661 329 1729 item,
345 1654 431 1736 quod.
448 1654 658 1720 instrumentum
668 1655 800 1736 scriptum
809 1653 1031 1717 manutohannis
1044 1653 1080 1716 de
1094 1661 1200 1717 Sancto

120 1754 259 1828 iohanne,
291 1751 343 1814 suh
357 1771 430 1813 anno
447 1753 501 1814 Dtii
518 1759 755 1826 -ht0ccctx111u,
772 1752 868 1816 indict.
889 1767 951 1829 κη’,
967 1752 1013 1815 die
1028 1754 1198 1816 strumensis

121 1850 198 1929 junii,
216 1849 365 1911 continens
379 1849 517 1930 quandam
529 1849 717 1913 uenditionem
734 1850 835 1913 iactam
848 1851 884 1912 de
894 1865 985 1913 castro
999 1849 1034 1911 de
1057 1848 1133 1930 Ripis
1147 1867 1198 1929 per

121 1947 264 2010 dominum
273 1947 315 2008 *de
329 1946 466 2008 ‘thoiilino
476 1947 592 2009 iohanni
607 1961 635 2010 et
648 1955 769 2030 aymaro
786 1948 905 2010 dominis
916 1948 951 2010 de
966 1947 1055 2030 Ripis,
1067 1959 1094 2010 et
1109 1961 1200 2010 reten-

122 2046 227 2107 tionem
244 2057 273 2106 et
284 2043 474 2106 investituram
491 2045 592 2106 iactam
605 2065 656 2125 per
672 2045 748 2107 dom.
765 2046 924 2127 dalphinum
944 2045 980 2107 de
995 2045 1070 2108 dicto
1093 2057 1196 2121 castm,

122 2155 150 2204 et
161 2137 342 2203 limitationes
359 2153 513 2204 castrorum
529 2141 751 2205 Beiiicrescentis
763 2156 791 2205 et
807 2143 843 2204 de
858 2142 934 2222 Ripis
948 2141 1020 2204 inter
1034 2159 1083 2203 eos
1099 2141 1197 2214 factas,

123 2253 151 2300 et
167 2239 247 2320 plura
259 2238 313 2300 alia
329 2253 412 2319 prout
423 2239 451 2300 in
467 2238 528 2320 ipso
541 2239 724 2302 instrumento
741 2239 927 2302 continentur.
1198 2238 1201 2244 '

164 2353 232 2413 207.
264 2342 345 2412 ltem,
371 2336 458 2416 quod.
489 2336 701 2400 instrumentum
731 2337 888 2400 confectum
911 2356 994 2398 manu
1029 2335 1140 2398 lienrici
1165 2335 1200 2398 de

126 2433 228 2496 Bahnis
242 2433 345 2495 notarii
358 2431 436 2514 publ.
453 2447 480 2496 et
494 2433 632 2514 signatum
653 2435 739 2517 signis
756 2435 887 2517 Stephani
906 2433 1005 2515 Pugini
1018 2447 1047 2496 et
1069 2433 1202 2516 hymonis
1248 2437 1256 2456 ‘

125 2530 160 2591 de
176 2529 267 2592 Ciusis
286 2531 422 2593 notarior.
446 2531 537 2611 pubi,
553 2531 605 2594 sub
622 2551 696 2594 anno
711 2533 764 2594 Diri
780 2537 969 2608 M⁰CCC⁰111⁰,
986 2530 1082 2592 indict.
1103 2543 1199 2607 1²,v1n

126 2627 238 2689 kalend.
255 2627 356 2704 martii,
382 2629 527 2692 continens
549 2629 738 2692 venditionem
761 2630 862 2692 tactam
886 2645 936 2709 per
956 2627 1109 2690 iohannem
1131 2625 1202 2690 Gabi

126 2725 205 2788 dome
217 2725 340 2788 Beatrici
352 2726 464 2789 domine
480 2725 659 2808 Fucigniacii,
675 2726 711 2789 de
733 2727 820 2789 tercia
833 2739 912 2806 parte
927 2723 1058 2787 mistraiie
1072 2725 1154 2786 castri
1167 2724 1202 2786 de

127 2825 258 2886 Terracia
271 2836 292 2884 ¹.

167 2923 235 2983 208.
255 2928 335 2998 item,
352 2920 438 3002 quod.
460 2921 672 2982 instrumentum
695 2921 797 2982 factum
815 2935 897 2980 manu
923 2917 1023 2979 Humb¹
1039 2917 1119 2979 Pilati
1140 2929 1200 2979 not.

127 3019 209 3100 pub.,
227 3018 281 3080 sub
308 3037 382 3080 anno
406 3018 460 3080 nni
484 3023 767 3094 M⁰CCC⁰xxxt11t⁰,
792 3017 888 3079 indict.
911 3029 953 3090 η’,
978 3015 1023 3077 die
1050 3027 1092 3076 uu
1112 3033 1200 3076 mens.

128 3117 253 3194 ianuarii,
270 3115 416 3178 continens
430 3115 587 3196 homagium
603 3127 631 3177 et
644 3114 866 3196 recognitionem
878 3115 979 3176 iactam
993 3131 1044 3193 per
1061 3111 1202 3174 dominum

128 3212 165 3274 de
179 3219 323 3289 Tumune,
344 3210 459 3274 devilia
481 3223 510 3273 et
529 3211 725 3273 mandamento
745 3210 782 3272 de
805 3210 916 3285 Tincto,
935 3209 1015 3270 dom⁰
1029 3207 1161 3288 delphino
1175 3221 1204 3271 et

128 3311 349 3392 assignationem
363 3311 463 3372 facum
476 3329 527 3390 per
543 3310 646 3372 dictum
661 3309 737 3372 dom.
754 3309 913 3390 dalphinum
928 3307 1017 3370 eidem
1038 3305 1151 3368 domino
1168 3305 1203 3369 de

129 3413 263 3470 Turnone
277 3407 353 3490 quod
368 3420 582 3488 recognosceret
596 3425 630 3470 ea
643 3427 697 3488 que
711 3407 772 3489 plus
785 3406 899 3470 tenebat
914 3405 950 3467 ab
964 3404 1024 3485 ipso
1043 3403 1121 3465 don·
1134 3403 1204 3466 infra

130 3516 237 3565 certum
250 3517 362 3586 tempus
377 3504 495 3586 lapsum.

174 3617 240 3681 ²09·
259 3609 340 3678 item,
359 3600 445 3683 quod.
466 3601 676 3663 instrumentum
702 3601 804 3663 iactum
829 3619 911 3662 manu
937 3599 1019 3681 Guig.
1049 3595 1201 3672 Frumenti,

129 3697 185 3759 sub
200 3717 270 3760 anno
288 3699 342 3760 noi
358 3703 637 3772 M⁰CCC⁰xxxllti⁰,
654 3697 813 3784 indi-ctare,
830 3699 876 3760 die
892 3713 954 3760 vrna
971 3717 1059 3760 mens.
1075 3695 1201 3777 januarii,

127 3793 275 3858 continens
291 3795 449 3877 homagium
463 3795 557 3876 ligium
575 3794 678 3857 iactum
699 3815 751 3877 per
762 3795 883 3858 nobiiem
901 3795 1055 3877 onigonem
1076 3795 1113 3857 de
1126 3794 1203 3857 Valle

127 3891 363 3974 dom⁰daiphino‚
382 3903 410 3954 et
426 3890 644 3973 assignacionem
667 3891 757 3955 eidem
777 3893 860 3974 Guig.
878 3892 977 3955 factam
992 3893 1027 3955 ad
1048 3911 1203 3974 recognos-

128 3988 250 4051 cendum
265 3991 334 4052 inira
349 4001 455 4052 certum
471 4003 580 4070 tempus
595 3990 648 4068 jam
661 3991 778 4070 lapsum.

174 4208 198 4247 r.
213 4192 248 4246 En
261 4211 293 4248 m.
309 4195 329 4248 Α
344 4193 427 4248 Vacat
441 4192 497 4266 quia
511 4193 541 4250 de
557 4193 755 4266 Graysiuodano.
