2842 4900
530 459 707 524 ..„,-

5 589 6 600 ’
93 571 213 646 vembris,
228 570 374 634 continens
385 570 580 635 ordinaciones
592 585 620 634 et
631 571 836 636 convenciones
854 572 962 639 habitas
981 572 1055 638 inter
1076 575 1153 639 dom.

5 655 6 736 J
93 668 263 731 humbertum
290 668 450 750 dalphinum
471 668 547 732 bone
572 669 705 733 memorie
719 669 755 732 ab
780 688 835 733 una
862 683 941 752 parte
955 683 983 734 et
996 671 1086 734 virum
1104 689 1156 736 no·

5 763 7 830 5
91 765 165 828 bilem
187 766 261 830 dom.
278 772 426 848 hugonem
440 766 590 844 hdemarii,
604 767 746 832 dominum
761 767 826 851 (de)
842 767 995 832 Lumberiis
1009 782 1038 831 et
1054 769 1156 832 Montis

5 897 7 944 5
89 861 190 940 Albani,
207 883 242 926 ex
254 862 342 926 altera
355 882 439 946 super
448 863 521 928 lacto
535 863 609 928 dicte
621 863 736 928 barunie
745 878 774 928 et
784 864 890 946 juribus
903 865 1026 947 ejusdem
1043 866 1157 950 etaqui·

5 955 7 1032 ξ
92 958 189 1022 sicione
201 959 297 1041 ipsius.

5 1047 6 1054 ἶ
131 1057 209 1120 1268.
222 1065 302 1134 Item,
320 1056 406 1140 quod.
422 1056 459 1120 al.
478 1056 691 1121 instrumentum
711 1057 845 1140 scriptum
862 1079 945 1122 manu
960 1057 1035 1123 dom¹
1054 1057 1156 1122 Humb¹

92 1153 165 1216 Pilati
179 1154 213 1217 de
230 1154 350 1218 auraria
363 1167 423 1218 not.
436 1154 505 1236 pub.
517 1155 570 1218 sub
583 1175 657 1218 anno
674 1155 728 1218 Diri
740 1158 992 1234 Mctttcxxxvrtr,
1003 1155 1100 1221 indict.
1112 1169 1155 1236 ν’,

6 1245 7 1288 ³
90 1251 131 1314 die
144 1265 172 1314 νᾶ
186 1251 288 1316 mensis
301 1251 377 1328 maii,
393 1253 538 1316 continens
550 1252 626 1335 quid
635 1253 736 1317 nobilis
750 1252 912 1317 domicellus
929 1253 1100 1317 Bertrandus
1122 1253 1158 1317 de

90 1348 195 1426 Baucio,
211 1349 283 1412 filius
315 1350 387 1412 ddm'
413 1349 514 1431 Agouti
530 1349 566 1412 de
599 1350 716 1426 Baucio,
731 1351 798 1414 fecit
814 1351 972 1433 homagium
998 1350 1092 1432 ligium
1120 1351 1157 1414 de

90 1463 199 1527 corpore
213 1447 291 1509 dom⁰
309 1461 405 1510 nostro
417 1446 601 1530 ll<umberto)
611 1447 742 1530 delphino
757 1448 917 1527 Viennensi,
928 1448 1040 1513 volente
1053 1460 1082 1513 et
1096 1466 1159 1532 pre-

90 1556 160 1605 sente
171 1543 249 1606 dom⁰
264 1555 345 1625 patre
355 1564 417 1607 suo.

128 1641 209 1722 1269.
225 1648 305 1718 ltem,
316 1640 403 1722 quod.
417 1641 454 1704 al.
467 1640 679 1705 instrumentum
692 1641 825 1722 scriptum
847 1661 930 1706 manu
955 1641 1092 1705 Guillelmi
1122 1641 1159 1706 de

91 1737 252 1818 Sanguinem
279 1737 379 1802 notarii
414 1744 577 1820 Nyvemen.
610 1737 740 1814 diocesis,
772 1737 825 1800 sub
849 1758 921 1801 anno
949 1739 1064 1802 Nativit.
1104 1737 1158 1800 Dr‘ti

91 1841 271 1910 n0111cxxh,
292 1834 337 1896 die
360 1846 402 1896 rx*
415 1835 518 1898 mensis
542 1834 609 1914 julii,
633 1835 778 1899 continens
806 1836 1030 1917 recognicionem
1057 1835 1158 1899 laetam

8 1934 12 2002 ῗ
90 1930 157 1992 dom⁰
170 1930 288 1994 Johanni
300 1950 372 2014 pape
388 1950 495 1994 summo
512 1930 657 2013 pontiflci,
679 1931 822 2014 recipienti
835 1919 947 1996 nomine
968 1941 1091 1996 Romane
1109 1951 1159 1996 ec-

8 2013 9 2056 3
91 2028 176 2105 clesie,
192 2048 244 2111 per
260 2028 333 2118 diros
347 2027 502 2110 Guigonem
516 2028 675 2111 dalphinum
688 2029 762 2092 bone
778 2031 911 2095 memorie
923 2046 952 2094 et
963 2032 1039 2095 dom.
1057 2030 1159 2113 H(um·

8 2139 9 2210 l
91 2125 207 2209 bertum)
222 2141 379 2209 presentem
393 2127 429 2190 de
436 2126 533 2190 castris
543 2127 579 2189 de
593 2127 719 2190 Nihoniis
734 2129 810 2192 etde
826 2129 961 2193 hliribello
973 2143 1002 2193 et
1013 2123 1053 2192 ¹de
1063 2128 1159 2209 majori

8 2215 9 2222 '
91 2222 204 2286 dominio
219 2225 255 2287 de
269 2224 428 2301 Vinsobrio,
439 2224 491 2286 sub
508 2224 641 2306 pensione
655 2245 747 2289 annua
757 2247 806 2290 seu
822 2247 907 2290 censu
918 2227 998 2290 unius
1009 2227 1121 2290 marche
1132 2239 1160 2290 ct

8 2325 9 2364 l
91 2323 256 2386 unius'uncie
270 2323 377 2405 argenti
389 2323 495 2404 operati
505 2322 533 2384 in
543 2323 614 2386 festo
629 2324 786 2388 Natiuitatis
798 2323 918 2400 Domini,
930 2322 982 2386 sub
992 2323 1084 2388 multis
1093 2342 1160 2386 con·

91 2419 236 2484 dicionibus
257 2434 285 2484 et
295 2421 390 2483 formis
404 2421 432 2483 in
446 2420 521 2484 dicto
537 2421 625 2484 insrr¹⁰
641 2421 789 2508 contentis,
804 2435 933 2503 presente
947 2421 1025 2485 dom⁰
1038 2421 1160 2485 ilenrico
1235 2476 1238 2484 .

95 2516 215 2598 Delphini
229 2516 304 2580 boue
318 2518 450 2580 memorie
471 2531 499 2580 et
518 2517 641 2581 volente.

10 2625 11 2646 ²
128 2633 211 2694 ¹²70·
229 2621 309 2692 Item,
338 2615 424 2697 quod.
440 2614 560 2678 vidimus
575 2627 779 2697 transumptum
804 2613 840 2678 de
865 2616 952 2696 quod.
975 2616 1159 2680 instrumento

92 2713 204 2775 mandati
225 2713 298 2775 dom¹
311 2713 448 2776 Guillelmi
467 2712 502 2776 de
521 2721 620 2797 Royno
642 2713 766 2776 officialis
786 2712 1008 2796 Gracionopolis,
1034 2713 1161 2798 originali
1181 2739 1186 2746 ·

91 2809 173 2872 instr¹⁰
189 2811 293 2891 scripto
303 2829 386 2873 manu
397 2811 505 2873 Girardi
520 2811 555 2878 de
573 2809 684 2893 Brayda
698 2809 808 2887 notarii,
826 2811 971 2875 continens
983 2812 1058 2894 quod
1082 2812 1159 2875 dom.

11 2935 12 2938 ¹
94 2908 174 2990 Guigo
189 2909 333 2971 Alamandi
347 2909 465 2972 remissit
494 2909 659 2992 Raymundo
683 2907 719 2970 de
734 2908 891 2972 Medulione
911 2929 993 2973 omne
1014 2912 1057 2990 jus
1074 2923 1102 2972 et
1114 2930 1162 2972 ra-

92 3005 185 3070 tionem
195 3008 247 3072 sibi
263 3007 427 3088 acquisitum
435 3021 462 3070 et
472 3006 546 3088 quod
558 3019 586 3070 et
601 3025 683 3087 quam
698 3005 819 3068 habebat
831 3006 859 3068 in
872 3021 963 3070 castro
974 3006 1159 3082 Comillionis,

94 3102 184 3167 virtute
197 3103 360 3167 donacionis
371 3103 501 3167 sibifacte
516 3123 566 3184 per
580 3101 683 3165 dictum
699 3109 734 3165 tt.
746 3101 782 3164 de
796 3101 871 3165 dicto
880 3116 972 3165 castro
984 3121 1047 3165 cum
1056 3100 1162 3181 juribus

96 3199 174 3263 eidem
187 3201 378 3282 spectantibus
391 3201 427 3265 ad
441 3199 559 3283 predict.
574 3212 694 3262 castrum
707 3213 736 3262 et
750 3212 837 3263 totam
849 3198 950 3262 vallem
969 3199 1040 3274 Ollc,
1058 3211 1086 3262 et
1096 3197 1162 3262 inde
1205 3229 1207 3234 ·

97 3295 182 3360 habuit
201 3307 228 3361 Μ
246 3298 341 3362 libras.

134 3414 213 3475 ¹27¹·
236 3403 317 3474 item,
339 3395 426 3477 quod.
451 3395 664 3458 instrumentum
685 3393 830 3456 continens
844 3392 958 3476 quamd.
970 3391 1162 3457 remissionem

98 3490 186 3556 lactum
203 3513 255 3576 per
275 3493 442 3574 prioressam
455 3506 483 3556 et
497 3493 647 3556 monachas
666 3491 824 3554 monasterii
843 3491 878 3554 de
890 3492 1036 3574 hleyraco,
1054 3491 1163 3557 Diensis

100 3587 226 3670 dyocesis,
252 3591 366 3654 'domino
386 3592 422 3653 de
439 3591 598 3654 Medulione
617 3590 653 3653 de
673 3599 736 3650 rrrr⁰r
748 3587 825 3652 libris
838 3588 941 3671 piperis
951 3602 979 3652 et
990 3607 1019 3649 vr
1036 3587 1111 3652 libris
1127 3589 1162 3652 de

99 3687 196 3750 cumino
210 3687 366 3763 anualibus,
386 3687 518 3768 scriptum
534 3706 617 3750 manu
634 3685 767 3766 Rostagni
787 3684 949 3747 saramandi
970 3684 1069 3748 notarii
1083 3685 1161 3768 publ.

100 3781 145 3845 sub
159 3803 229 3852 anno
242 3785 297 3848 Diri
311 3791 525 3860 M⁰1110xx111⁰‚
541 3783 625 3847 videl.
641 3795 681 3844 1x²
694 3782 740 3844 die
748 3781 850 3844 mensis
858 3781 985 3860 januarii.

139 3900 217 3960 1272.
234 3890 314 3960 Item,
331 3882 418 3964 quod.
434 3883 646 3946 instrumentum
659 3881 804 3945 continens
823 3880 1041 3963 recognitionem
1057 3881 1165 3944 medie-

15 3973 17 4014 l
101 3978 158 4040 tatis
173 3982 252 4044 castri
267 3981 369 4070 Montis
389 3979 461 4042 olivi
484 3981 585 4042 factam
600 3999 650 4061 per
671 3979 748 4041 dom.
768 3979 962 4061 Raymundum
982 3979 1018 4042 de
1044 3977 1165 4043 Rastello

16 4067 17 4076 ’
102 4076 204 4140 militem
217 4080 327 4144 domino
344 4078 447 4142 Montis
459 4077 557 4144 Albani
572 4091 601 4140 ct
613 4076 771 4158 homagium
795 4095 845 4158 per
862 4076 954 4158 ipsum
967 4078 1043 4141 dom.
1057 4085 1091 4141 R.
1104 4078 1166 4141 fac·

103 4185 166 4249 tum,
181 4177 307 4257 scriptum
322 4195 374 4258 per
391 4183 505 4238 Petrum
520 4175 556 4237 de
577 4173 734 4237 Lantelmes
749 4175 898 4250 notarium,
923 4175 975 4238 sub
989 4193 1063 4238 anno
1077 4173 1165 4236 Ditice

108 4274 207 4333 incarn.
226 4275 475 4348 M0110LXXV1110,
490 4272 551 4334 scil.
564 4279 607 4332 111⁰
619 4271 733 4334 kalend.
751 4270 872 4352 augusti.
