<?xml version="1.0" encoding="UTF-8"?>
<!DOCTYPE html PUBLIC "-//W3C//DTD XHTML 1.0 Transitional//EN"
    "http://www.w3.org/TR/xhtml1/DTD/xhtml1-transitional.dtd">
<html xmlns="http://www.w3.org/1999/xhtml" xml:lang="en" lang="en">
 <head>
  <title>
</title>
<meta http-equiv="Content-Type" content="text/html;charset=utf-8" />
  <meta name='ocr-system' content='tesseract 3.04.00' />
  <meta name='ocr-capabilities' content='ocr_page ocr_carea ocr_par ocr_line ocrx_word'/>
</head>
<body>
  <div class='ocr_page' id='page_1' title='image "./inventairedesar00glgoog/inventairedesar00glgoog_0148.png"; bbox 0 0 2844 4900; ppageno 0'>
   <div class='ocr_carea' id='block_1_1' title="bbox 521 445 699 508">
    <p class='ocr_par' dir='ltr' id='par_1_1' title="bbox 521 445 699 508">
     <span class='ocr_line' id='line_1_1' title="bbox 521 445 699 508; baseline -0.006 -32"><span class='ocrx_word' id='word_1_1' title='bbox 521 445 699 508; x_wconf 58' lang='lat'>..¹15-</span> 
     </span>
    </p>
   </div>
   <div class='ocr_carea' id='block_1_2' title="bbox 82 560 1152 938">
    <p class='ocr_par' dir='ltr' id='par_1_2' title="bbox 82 560 1152 938">
     <span class='ocr_line' id='line_1_2' title="bbox 117 560 1148 645; baseline 0.005 -25"><span class='ocrx_word' id='word_1_2' title='bbox 117 560 180 622; x_wconf 86' lang='lat'><strong>628.</strong></span> <span class='ocrx_word' id='word_1_3' title='bbox 198 568 277 636; x_wconf 83' lang='lat' dir='ltr'><strong>item,</strong></span> <span class='ocrx_word' id='word_1_4' title='bbox 293 562 380 643; x_wconf 88' lang='lat' dir='ltr'><strong>quod.</strong></span> <span class='ocrx_word' id='word_1_5' title='bbox 393 562 431 624; x_wconf 90' lang='lat' dir='ltr'><strong>al.</strong></span> <span class='ocrx_word' id='word_1_6' title='bbox 446 562 659 625; x_wconf 87' lang='lat' dir='ltr'><strong>instrumentum</strong></span> <span class='ocrx_word' id='word_1_7' title='bbox 668 561 712 644; x_wconf 84' lang='lat' dir='ltr'><strong>(ut</strong></span> <span class='ocrx_word' id='word_1_8' title='bbox 724 561 810 645; x_wconf 80' lang='grc'><strong>617),</strong></span> <span class='ocrx_word' id='word_1_9' title='bbox 825 563 972 626; x_wconf 88' lang='lat' dir='ltr'><strong>continens</strong></span> <span class='ocrx_word' id='word_1_10' title='bbox 989 563 1148 645; x_wconf 82' lang='lat' dir='ltr'>homagium</span> 
     </span>
     <span class='ocr_line' id='line_1_3' title="bbox 83 657 1148 742; baseline 0.003 -24"><span class='ocrx_word' id='word_1_11' title='bbox 83 657 164 737; x_wconf 83' lang='lat' dir='ltr'><strong>ligium</strong></span> <span class='ocrx_word' id='word_1_12' title='bbox 179 659 214 720; x_wconf 88' lang='lat' dir='ltr'><strong>de</strong></span> <span class='ocrx_word' id='word_1_13' title='bbox 235 677 355 740; x_wconf 89' lang='lat' dir='ltr'><strong>persona</strong></span> <span class='ocrx_word' id='word_1_14' title='bbox 378 660 522 740; x_wconf 87' lang='lat' dir='ltr'><strong>prestitum</strong></span> <span class='ocrx_word' id='word_1_15' title='bbox 551 660 630 721; x_wconf 89' lang='lat' dir='ltr'><strong>dom⁰</strong></span> <span class='ocrx_word' id='word_1_16' title='bbox 643 672 739 722; x_wconf 87' lang='lat' dir='ltr'><strong>nostro</strong></span> <span class='ocrx_word' id='word_1_17' title='bbox 754 660 885 741; x_wconf 88' lang='lat' dir='ltr'><strong>dalphino</strong></span> <span class='ocrx_word' id='word_1_18' title='bbox 908 678 959 742; x_wconf 90' lang='lat' dir='ltr'><strong>per</strong></span> <span class='ocrx_word' id='word_1_19' title='bbox 973 659 1148 722; x_wconf 88' lang='lat' dir='ltr'><strong>Guillelmum</strong></span> 
     </span>
     <span class='ocr_line' id='line_1_4' title="bbox 85 756 1151 839; baseline 0.004 -23"><span class='ocrx_word' id='word_1_20' title='bbox 85 756 167 818; x_wconf 87' lang='lat' dir='ltr'><strong>Pilosii</strong></span> <span class='ocrx_word' id='word_1_21' title='bbox 183 757 218 818; x_wconf 90' lang='lat' dir='ltr'><strong>de</strong></span> <span class='ocrx_word' id='word_1_22' title='bbox 233 756 372 819; x_wconf 83' lang='lat' dir='ltr'><strong>Alavardo</strong></span> <span class='ocrx_word' id='word_1_23' title='bbox 387 770 415 819; x_wconf 90' lang='lat' dir='ltr'><strong>et</strong></span> <span class='ocrx_word' id='word_1_24' title='bbox 428 759 515 820; x_wconf 92' lang='lat' dir='ltr'><strong>eciam</strong></span> <span class='ocrx_word' id='word_1_25' title='bbox 533 757 756 838; x_wconf 86' lang='lat' dir='ltr'><strong>recognicionem</strong></span> <span class='ocrx_word' id='word_1_26' title='bbox 766 778 817 839; x_wconf 90' lang='lat' dir='ltr'><strong>per</strong></span> <span class='ocrx_word' id='word_1_27' title='bbox 830 778 894 821; x_wconf 88' lang='lat' dir='ltr'><strong>eum</strong></span> <span class='ocrx_word' id='word_1_28' title='bbox 910 758 1011 820; x_wconf 88' lang='lat' dir='ltr'><strong>iactam</strong></span> <span class='ocrx_word' id='word_1_29' title='bbox 1021 759 1057 820; x_wconf 91' lang='lat' dir='ltr'><strong>de</strong></span> <span class='ocrx_word' id='word_1_30' title='bbox 1067 757 1151 820; x_wconf 85' lang='lat' dir='ltr'><strong>rebus</strong></span> 
     </span>
     <span class='ocr_line' id='line_1_5' title="bbox 82 852 1152 938; baseline 0.004 -25"><span class='ocrx_word' id='word_1_31' title='bbox 82 852 272 934; x_wconf 82' lang='lat' dir='ltr'><strong>infrascriptis,</strong></span> <span class='ocrx_word' id='word_1_32' title='bbox 285 855 376 935; x_wconf 86' lang='lat' dir='ltr'><strong>primo</strong></span> <span class='ocrx_word' id='word_1_33' title='bbox 388 854 473 918; x_wconf 86' lang='lat' dir='ltr'><strong>videi.</strong></span> <span class='ocrx_word' id='word_1_34' title='bbox 485 855 629 918; x_wconf 87' lang='lat' dir='ltr'><strong>confessus</strong></span> <span class='ocrx_word' id='word_1_35' title='bbox 642 855 693 917; x_wconf 82' lang='lat' dir='ltr'><strong>fuit</strong></span> <span class='ocrx_word' id='word_1_36' title='bbox 705 874 735 917; x_wconf 91' lang='lat' dir='ltr'><strong>se</strong></span> <span class='ocrx_word' id='word_1_37' title='bbox 753 868 850 917; x_wconf 86' lang='lat' dir='ltr'><strong>tenere</strong></span> <span class='ocrx_word' id='word_1_38' title='bbox 869 855 905 918; x_wconf 95' lang='lat' dir='ltr'><strong>ab</strong></span> <span class='ocrx_word' id='word_1_39' title='bbox 919 857 979 938; x_wconf 90' lang='lat' dir='ltr'><strong>ipso</strong></span> <span class='ocrx_word' id='word_1_40' title='bbox 993 855 1070 918; x_wconf 89' lang='lat' dir='ltr'><strong>dom.</strong></span> <span class='ocrx_word' id='word_1_41' title='bbox 1089 856 1152 917; x_wconf 88' lang='lat' dir='ltr'><strong>dal-</strong></span> 
     </span>
    </p>
   </div>
   <div class='ocr_carea' id='block_1_3' title="bbox 83 951 1250 1035">
    <p class='ocr_par' dir='ltr' id='par_1_3' title="bbox 83 951 1250 1035">
     <span class='ocr_line' id='line_1_6' title="bbox 83 951 1250 1035; baseline 0.005 -25"><span class='ocrx_word' id='word_1_42' title='bbox 83 951 156 1030; x_wconf 93' lang='lat' dir='ltr'><strong>phino</strong></span> <span class='ocrx_word' id='word_1_43' title='bbox 166 965 222 1014; x_wconf 86' lang='lat' dir='ltr'><strong>tres</strong></span> <span class='ocrx_word' id='word_1_44' title='bbox 235 967 329 1033; x_wconf 88' lang='lat' dir='ltr'><strong>partes</strong></span> <span class='ocrx_word' id='word_1_45' title='bbox 341 953 472 1015; x_wconf 87' lang='lat' dir='ltr'><strong>mistralie</strong></span> <span class='ocrx_word' id='word_1_46' title='bbox 487 954 522 1016; x_wconf 91' lang='lat' dir='ltr'><strong>de</strong></span> <span class='ocrx_word' id='word_1_47' title='bbox 539 954 726 1035; x_wconf 86' lang='lat' dir='ltr'><strong>Chassenage,</strong></span> <span class='ocrx_word' id='word_1_48' title='bbox 748 967 777 1016; x_wconf 91' lang='lat' dir='ltr'><strong>et</strong></span> <span class='ocrx_word' id='word_1_49' title='bbox 794 954 880 1017; x_wconf 91' lang='lat' dir='ltr'><strong>habet</strong></span> <span class='ocrx_word' id='word_1_50' title='bbox 894 955 1005 1017; x_wconf 84' lang='lat' dir='ltr'><strong>racione</strong></span> <span class='ocrx_word' id='word_1_51' title='bbox 1021 952 1152 1016; x_wconf 88' lang='lat' dir='ltr'><strong>mistralie</strong></span> <span class='ocrx_word' id='word_1_52' title='bbox 1243 1007 1250 1016; x_wconf 90' lang='lat'><em>.</em></span> 
     </span>
    </p>
   </div>
   <div class='ocr_carea' id='block_1_4' title="bbox 50 1050 1170 3658">
    <p class='ocr_par' dir='ltr' id='par_1_4' title="bbox 82 1050 1153 1425">
     <span class='ocr_line' id='line_1_7' title="bbox 82 1050 1150 1133; baseline 0.004 -26"><span class='ocrx_word' id='word_1_53' title='bbox 82 1059 131 1109; x_wconf 89' lang='lat' dir='ltr'><strong>tres</strong></span> <span class='ocrx_word' id='word_1_54' title='bbox 142 1063 232 1128; x_wconf 87' lang='lat' dir='ltr'><strong>partes</strong></span> <span class='ocrx_word' id='word_1_55' title='bbox 245 1050 332 1112; x_wconf 82' lang='lat' dir='ltr'>tercie</span> <span class='ocrx_word' id='word_1_56' title='bbox 345 1051 430 1130; x_wconf 89' lang='lat' dir='ltr'><strong>partis</strong></span> <span class='ocrx_word' id='word_1_57' title='bbox 444 1051 601 1113; x_wconf 91' lang='lat' dir='ltr'><strong>bannorum</strong></span> <span class='ocrx_word' id='word_1_58' title='bbox 615 1065 643 1114; x_wconf 89' lang='lat' dir='ltr'><strong>et</strong></span> <span class='ocrx_word' id='word_1_59' title='bbox 657 1050 855 1133; x_wconf 85' lang='lat' dir='ltr'><strong>eycheutarum</strong></span> <span class='ocrx_word' id='word_1_60' title='bbox 870 1064 898 1113; x_wconf 88' lang='lat' dir='ltr'><strong>et</strong></span> <span class='ocrx_word' id='word_1_61' title='bbox 906 1053 1021 1114; x_wconf 88' lang='lat' dir='ltr'><strong>triantes</strong></span> <span class='ocrx_word' id='word_1_62' title='bbox 1034 1051 1150 1113; x_wconf 89' lang='lat' dir='ltr'><strong>duarum</strong></span> 
     </span>
     <span class='ocr_line' id='line_1_8' title="bbox 82 1147 1152 1230; baseline 0.006 -25"><span class='ocrx_word' id='word_1_63' title='bbox 82 1158 246 1208; x_wconf 89' lang='lat' dir='ltr'><strong>comatarum</strong></span> <span class='ocrx_word' id='word_1_64' title='bbox 260 1147 335 1228; x_wconf 89' lang='lat' dir='ltr'><strong>apud</strong></span> <span class='ocrx_word' id='word_1_65' title='bbox 349 1148 489 1228; x_wconf 81' lang='lat' dir='ltr'><strong>Capellam</strong></span> <span class='ocrx_word' id='word_1_66' title='bbox 504 1149 601 1211; x_wconf 80' lang='lat' dir='ltr'>Albam</span> <span class='ocrx_word' id='word_1_67' title='bbox 623 1161 652 1211; x_wconf 93' lang='lat' dir='ltr'><strong>et</strong></span> <span class='ocrx_word' id='word_1_68' title='bbox 679 1148 814 1229; x_wconf 86' lang='lat' dir='ltr'><strong>solagium</strong></span> <span class='ocrx_word' id='word_1_69' title='bbox 842 1149 870 1211; x_wconf 92' lang='lat' dir='ltr'><strong>in</strong></span> <span class='ocrx_word' id='word_1_70' title='bbox 893 1149 1015 1230; x_wconf 92' lang='lat' dir='ltr'><strong>qualibet</strong></span> <span class='ocrx_word' id='word_1_71' title='bbox 1037 1161 1152 1211; x_wconf 82' lang='lat' dir='ltr'><strong>cornuta</strong></span> 
     </span>
     <span class='ocr_line' id='line_1_9' title="bbox 83 1243 1153 1328; baseline 0.001 -23"><span class='ocrx_word' id='word_1_72' title='bbox 83 1243 144 1306; x_wconf 91' lang='lat' dir='ltr'><strong>duas</strong></span> <span class='ocrx_word' id='word_1_73' title='bbox 156 1246 266 1326; x_wconf 81' lang='lat' dir='ltr'>gerbas,</span> <span class='ocrx_word' id='word_1_74' title='bbox 281 1258 396 1308; x_wconf 88' lang='lat' dir='ltr'><strong>ettenet</strong></span> <span class='ocrx_word' id='word_1_75' title='bbox 410 1246 492 1314; x_wconf 87' lang='lat' dir='ltr'><strong>etiam</strong></span> <span class='ocrx_word' id='word_1_76' title='bbox 507 1246 644 1328; x_wconf 92' lang='lat' dir='ltr'><strong>quosdam</strong></span> <span class='ocrx_word' id='word_1_77' title='bbox 659 1264 760 1308; x_wconf 86' lang='lat' dir='ltr'><strong>census</strong></span> <span class='ocrx_word' id='word_1_78' title='bbox 781 1245 971 1328; x_wconf 85' lang='lat' dir='ltr'><strong>infrascriptos</strong></span> <span class='ocrx_word' id='word_1_79' title='bbox 991 1265 1053 1308; x_wconf 93' lang='lat' dir='ltr'><strong>cum</strong></span> <span class='ocrx_word' id='word_1_80' title='bbox 1070 1258 1153 1307; x_wconf 88' lang='lat' dir='ltr'><strong>tene-</strong></span> 
     </span>
     <span class='ocr_line' id='line_1_10' title="bbox 83 1341 1151 1425; baseline 0.003 -24"><span class='ocrx_word' id='word_1_81' title='bbox 83 1343 213 1406; x_wconf 88' lang='lat' dir='ltr'><strong>mentariis</strong></span> <span class='ocrx_word' id='word_1_82' title='bbox 224 1344 405 1424; x_wconf 83' lang='lat' dir='ltr'><strong>infrascriptis</strong></span> <span class='ocrx_word' id='word_1_83' title='bbox 420 1357 448 1406; x_wconf 91' lang='lat' dir='ltr'><strong>et</strong></span> <span class='ocrx_word' id='word_1_84' title='bbox 456 1357 533 1407; x_wconf 91' lang='lat' dir='ltr'><strong>tenet</strong></span> <span class='ocrx_word' id='word_1_85' title='bbox 546 1345 656 1406; x_wconf 87' lang='lat' dir='ltr'><strong>vineam</strong></span> <span class='ocrx_word' id='word_1_86' title='bbox 671 1356 699 1405; x_wconf 91' lang='lat' dir='ltr'><strong>et</strong></span> <span class='ocrx_word' id='word_1_87' title='bbox 712 1357 814 1405; x_wconf 83' lang='lat' dir='ltr'><strong>terram</strong></span> <span class='ocrx_word' id='word_1_88' title='bbox 830 1363 899 1425; x_wconf 89' lang='lat' dir='ltr'><strong>quas</strong></span> <span class='ocrx_word' id='word_1_89' title='bbox 912 1343 997 1405; x_wconf 86' lang='lat' dir='ltr'><strong>habet</strong></span> <span class='ocrx_word' id='word_1_90' title='bbox 1011 1343 1039 1405; x_wconf 92' lang='lat' dir='ltr'><strong>in</strong></span> <span class='ocrx_word' id='word_1_91' title='bbox 1051 1341 1151 1405; x_wconf 90' lang='lat' dir='ltr'><strong>comba</strong></span> 
     </span>
    </p>

    <p class='ocr_par' dir='ltr' id='par_1_5' title="bbox 82 1438 1152 1695">
     <span class='ocr_line' id='line_1_11' title="bbox 86 1438 1151 1522; baseline 0.003 -23"><span class='ocrx_word' id='word_1_92' title='bbox 86 1438 156 1502; x_wconf 86' lang='lat' dir='ltr'><strong>Ceiin</strong></span> <span class='ocrx_word' id='word_1_93' title='bbox 178 1453 206 1502; x_wconf 88' lang='lat' dir='ltr'><strong>et</strong></span> <span class='ocrx_word' id='word_1_94' title='bbox 231 1440 301 1502; x_wconf 89' lang='lat' dir='ltr'><strong>duas</strong></span> <span class='ocrx_word' id='word_1_95' title='bbox 328 1440 507 1522; x_wconf 82' lang='lat' dir='ltr'><strong>fossor(atas)</strong></span> <span class='ocrx_word' id='word_1_96' title='bbox 520 1441 602 1503; x_wconf 80' lang='lat' dir='ltr'><strong>vinee</strong></span> <span class='ocrx_word' id='word_1_97' title='bbox 622 1442 652 1502; x_wconf 95' lang='lat' dir='ltr'><strong>in</strong></span> <span class='ocrx_word' id='word_1_98' title='bbox 667 1440 825 1503; x_wconf 86' lang='lat' dir='ltr'><strong>Bietoveria</strong></span> <span class='ocrx_word' id='word_1_99' title='bbox 840 1453 868 1502; x_wconf 91' lang='lat' dir='ltr'><strong>et</strong></span> <span class='ocrx_word' id='word_1_100' title='bbox 884 1439 940 1502; x_wconf 90' lang='lat' dir='ltr'><strong>duo</strong></span> <span class='ocrx_word' id='word_1_101' title='bbox 952 1439 1068 1520; x_wconf 88' lang='lat' dir='ltr'><strong>jornalia</strong></span> <span class='ocrx_word' id='word_1_102' title='bbox 1077 1455 1151 1503; x_wconf 91' lang='lat' dir='ltr'><strong>terre</strong></span> 
     </span>
     <span class='ocr_line' id='line_1_12' title="bbox 82 1533 1152 1620; baseline 0.007 -27"><span class='ocrx_word' id='word_1_103' title='bbox 82 1533 290 1613; x_wconf 84' lang='lat' dir='ltr'><strong>aGreboudam,</strong></span> <span class='ocrx_word' id='word_1_104' title='bbox 303 1549 332 1598; x_wconf 89' lang='lat' dir='ltr'><strong>et</strong></span> <span class='ocrx_word' id='word_1_105' title='bbox 344 1537 423 1616; x_wconf 90' lang='lat' dir='ltr'><strong>plura</strong></span> <span class='ocrx_word' id='word_1_106' title='bbox 436 1538 488 1600; x_wconf 92' lang='lat' dir='ltr'><strong>alia</strong></span> <span class='ocrx_word' id='word_1_107' title='bbox 504 1539 532 1600; x_wconf 94' lang='lat' dir='ltr'><strong>in</strong></span> <span class='ocrx_word' id='word_1_108' title='bbox 560 1539 635 1603; x_wconf 92' lang='lat' dir='ltr'><strong>dicto</strong></span> <span class='ocrx_word' id='word_1_109' title='bbox 656 1538 747 1602; x_wconf 78' lang='lat' dir='ltr'><strong>instrto</strong></span> <span class='ocrx_word' id='word_1_110' title='bbox 769 1551 900 1602; x_wconf 85' lang='lat' dir='ltr'><strong>contenta</strong></span> <span class='ocrx_word' id='word_1_111' title='bbox 916 1551 945 1600; x_wconf 90' lang='lat' dir='ltr'><strong>et</strong></span> <span class='ocrx_word' id='word_1_112' title='bbox 956 1537 1108 1620; x_wconf 87' lang='lat' dir='ltr'><strong>descripta,</strong></span> <span class='ocrx_word' id='word_1_113' title='bbox 1123 1549 1152 1600; x_wconf 88' lang='lat' dir='ltr'><strong>et</strong></span> 
     </span>
     <span class='ocr_line' id='line_1_13' title="bbox 82 1642 256 1695; baseline 0.023 -5"><span class='ocrx_word' id='word_1_114' title='bbox 82 1642 256 1695; x_wconf 80' lang='lat' dir='ltr'><strong>terminum...</strong></span> 
     </span>
    </p>

    <p class='ocr_par' dir='ltr' id='par_1_6' title="bbox 82 1727 1150 2102">
     <span class='ocr_line' id='line_1_14' title="bbox 107 1727 1150 1813; baseline 0.002 -24"><span class='ocrx_word' id='word_1_115' title='bbox 107 1727 179 1810; x_wconf 79' lang='grc'><strong>619.</strong></span> <span class='ocrx_word' id='word_1_116' title='bbox 196 1737 276 1805; x_wconf 85' lang='lat' dir='ltr'><strong>ltem,</strong></span> <span class='ocrx_word' id='word_1_117' title='bbox 295 1731 382 1811; x_wconf 87' lang='lat' dir='ltr'><strong>quod.</strong></span> <span class='ocrx_word' id='word_1_118' title='bbox 396 1732 433 1794; x_wconf 94' lang='grc'><strong>31.</strong></span> <span class='ocrx_word' id='word_1_119' title='bbox 447 1732 659 1795; x_wconf 87' lang='lat' dir='ltr'><strong>instrumentum</strong></span> <span class='ocrx_word' id='word_1_120' title='bbox 667 1731 800 1813; x_wconf 84' lang='lat' dir='ltr'><strong>(ur6r8)</strong></span> <span class='ocrx_word' id='word_1_121' title='bbox 817 1731 863 1793; x_wconf 91' lang='lat' dir='ltr'><strong>die</strong></span> <span class='ocrx_word' id='word_1_122' title='bbox 876 1749 913 1793; x_wconf 85' lang='lat' dir='ltr'><strong>xv</strong></span> <span class='ocrx_word' id='word_1_123' title='bbox 922 1750 1010 1794; x_wconf 89' lang='lat' dir='ltr'><strong>mens.</strong></span> <span class='ocrx_word' id='word_1_124' title='bbox 1022 1728 1150 1810; x_wconf 88' lang='lat' dir='ltr'><strong>januarii,</strong></span> 
     </span>
     <span class='ocr_line' id='line_1_15' title="bbox 82 1826 1152 1911; baseline 0.002 -25"><span class='ocrx_word' id='word_1_125' title='bbox 82 1826 216 1890; x_wconf 87' lang='lat' dir='ltr'><strong>continens</strong></span> <span class='ocrx_word' id='word_1_126' title='bbox 242 1829 400 1910; x_wconf 80' lang='lat' dir='ltr'><strong>homagium</strong></span> <span class='ocrx_word' id='word_1_127' title='bbox 428 1830 521 1911; x_wconf 91' lang='lat' dir='ltr'><strong>ligium</strong></span> <span class='ocrx_word' id='word_1_128' title='bbox 539 1830 575 1892; x_wconf 90' lang='lat' dir='ltr'><strong>de</strong></span> <span class='ocrx_word' id='word_1_129' title='bbox 589 1849 709 1910; x_wconf 89' lang='lat' dir='ltr'><strong>persona</strong></span> <span class='ocrx_word' id='word_1_130' title='bbox 723 1828 867 1910; x_wconf 87' lang='lat' dir='ltr'><strong>prestitum</strong></span> <span class='ocrx_word' id='word_1_131' title='bbox 890 1829 925 1890; x_wconf 93' lang='lat' dir='ltr'><strong>ill¹</strong></span> <span class='ocrx_word' id='word_1_132' title='bbox 940 1827 1057 1911; x_wconf 79' lang='lat' dir='ltr'><strong>principi</strong></span> <span class='ocrx_word' id='word_1_133' title='bbox 1050 1827 1152 1889; x_wconf 84' lang='lat' dir='ltr'><strong>&#39;⁰dom</strong></span> 
     </span>
     <span class='ocr_line' id='line_1_16' title="bbox 82 1924 1150 2046; baseline 0.004 -64"><span class='ocrx_word' id='word_1_134' title='bbox 82 1938 167 1986; x_wconf 88' lang='lat' dir='ltr'><strong>nostro</strong></span> <span class='ocrx_word' id='word_1_135' title='bbox 185 1927 341 1989; x_wconf 83' lang='lat' dir='ltr'><strong>Humberto</strong></span> <span class='ocrx_word' id='word_1_136' title='bbox 355 1927 412 1990; x_wconf 81' lang='lat' dir='ltr'><strong>dho</strong></span> <span class='ocrx_word' id='word_1_137' title='bbox 426 1928 575 1990; x_wconf 91' lang='lat' dir='ltr'><strong>Viennensi</strong></span> <span class='ocrx_word' id='word_1_138' title='bbox 592 1927 723 2046; x_wconf 91' lang='lat' dir='ltr'><strong>dalphino</strong></span> <span class='ocrx_word' id='word_1_139' title='bbox 735 1943 786 2007; x_wconf 88' lang='lat' dir='ltr'><strong>per</strong></span> <span class='ocrx_word' id='word_1_140' title='bbox 802 1932 949 2006; x_wconf 83' lang='lat' dir='ltr'><strong>Hugonem</strong></span> <span class='ocrx_word' id='word_1_141' title='bbox 972 1925 1102 1988; x_wconf 87' lang='lat' dir='ltr'><strong>Mistralis</strong></span> <span class='ocrx_word' id='word_1_142' title='bbox 1115 1924 1150 1986; x_wconf 90' lang='lat' dir='ltr'><strong>de</strong></span> 
     </span>
     <span class='ocr_line' id='line_1_17' title="bbox 86 2022 456 2102; baseline 0.021 -23"><span class='ocrx_word' id='word_1_143' title='bbox 86 2022 216 2102; x_wconf 85' lang='lat' dir='ltr'><strong>oysencio</strong></span> <span class='ocrx_word' id='word_1_144' title='bbox 229 2036 258 2085; x_wconf 91' lang='lat' dir='ltr'><strong>et</strong></span> <span class='ocrx_word' id='word_1_145' title='bbox 270 2025 456 2086; x_wconf 89' lang='lat' dir='ltr'><strong>terminum...</strong></span> 
     </span>
    </p>

    <p class='ocr_par' dir='ltr' id='par_1_7' title="bbox 82 2117 1151 2395">
     <span class='ocr_line' id='line_1_18' title="bbox 115 2117 1149 2203; baseline 0.001 -24"><span class='ocrx_word' id='word_1_146' title='bbox 115 2117 181 2197; x_wconf 87' lang='lat'>630.</span> <span class='ocrx_word' id='word_1_147' title='bbox 198 2127 278 2198; x_wconf 84' lang='lat' dir='ltr'><strong>item,</strong></span> <span class='ocrx_word' id='word_1_148' title='bbox 296 2121 382 2202; x_wconf 90' lang='lat' dir='ltr'><strong>quod.</strong></span> <span class='ocrx_word' id='word_1_149' title='bbox 395 2122 432 2183; x_wconf 96' lang='lat' dir='ltr'><strong>al</strong></span> <span class='ocrx_word' id='word_1_150' title='bbox 444 2123 656 2184; x_wconf 84' lang='lat' dir='ltr'><strong>instrumentum</strong></span> <span class='ocrx_word' id='word_1_151' title='bbox 669 2120 712 2203; x_wconf 83' lang='lat' dir='ltr'><strong>(ut</strong></span> <span class='ocrx_word' id='word_1_152' title='bbox 725 2120 810 2202; x_wconf 83' lang='lat'>618),</span> <span class='ocrx_word' id='word_1_153' title='bbox 828 2119 974 2182; x_wconf 87' lang='lat' dir='ltr'><strong>continens</strong></span> <span class='ocrx_word' id='word_1_154' title='bbox 990 2118 1149 2200; x_wconf 79' lang='lat' dir='ltr'><strong>homagium</strong></span> 
     </span>
     <span class='ocr_line' id='line_1_19' title="bbox 82 2213 1151 2299; baseline 0.004 -25"><span class='ocrx_word' id='word_1_155' title='bbox 82 2213 166 2296; x_wconf 89' lang='lat' dir='ltr'><strong>ligium</strong></span> <span class='ocrx_word' id='word_1_156' title='bbox 180 2217 217 2279; x_wconf 90' lang='lat' dir='ltr'><strong>de</strong></span> <span class='ocrx_word' id='word_1_157' title='bbox 226 2237 345 2299; x_wconf 87' lang='lat' dir='ltr'><strong>persona</strong></span> <span class='ocrx_word' id='word_1_158' title='bbox 359 2220 502 2299; x_wconf 87' lang='lat' dir='ltr'><strong>prestitum</strong></span> <span class='ocrx_word' id='word_1_159' title='bbox 518 2218 597 2281; x_wconf 84' lang='lat' dir='ltr'><strong>dom⁰</strong></span> <span class='ocrx_word' id='word_1_160' title='bbox 611 2232 707 2281; x_wconf 90' lang='lat' dir='ltr'><strong>nostro</strong></span> <span class='ocrx_word' id='word_1_161' title='bbox 722 2217 854 2299; x_wconf 92' lang='lat' dir='ltr'><strong>dalphino</strong></span> <span class='ocrx_word' id='word_1_162' title='bbox 880 2236 932 2298; x_wconf 88' lang='lat' dir='ltr'><strong>per</strong></span> <span class='ocrx_word' id='word_1_163' title='bbox 946 2217 1099 2280; x_wconf 84' lang='lat' dir='ltr'><strong>lohannem</strong></span> <span class='ocrx_word' id='word_1_164' title='bbox 1115 2216 1151 2278; x_wconf 88' lang='lat' dir='ltr'><strong>de</strong></span> 
     </span>
     <span class='ocr_line' id='line_1_20' title="bbox 85 2315 614 2395; baseline 0.009 -22"><span class='ocrx_word' id='word_1_165' title='bbox 85 2315 216 2395; x_wconf 78' lang='lat' dir='ltr'><strong>hugoniis,</strong></span> <span class='ocrx_word' id='word_1_166' title='bbox 229 2316 264 2377; x_wconf 89' lang='lat' dir='ltr'><strong>de</strong></span> <span class='ocrx_word' id='word_1_167' title='bbox 274 2315 379 2391; x_wconf 83' lang='lat' dir='ltr'><strong>visilia,</strong></span> <span class='ocrx_word' id='word_1_168' title='bbox 393 2330 421 2379; x_wconf 91' lang='lat' dir='ltr'><strong>et</strong></span> <span class='ocrx_word' id='word_1_169' title='bbox 429 2317 614 2379; x_wconf 91' lang='lat' dir='ltr'><strong>terminum...</strong></span> 
     </span>
    </p>

    <p class='ocr_par' dir='ltr' id='par_1_8' title="bbox 50 2409 1151 2687">
     <span class='ocr_line' id='line_1_21' title="bbox 116 2409 1149 2495; baseline -0.001 -22"><span class='ocrx_word' id='word_1_170' title='bbox 116 2411 180 2490; x_wconf 81' lang='lat'>631.</span> <span class='ocrx_word' id='word_1_171' title='bbox 210 2420 293 2490; x_wconf 84' lang='lat' dir='ltr'><strong>item,</strong></span> <span class='ocrx_word' id='word_1_172' title='bbox 317 2414 403 2495; x_wconf 92' lang='lat' dir='ltr'><strong>quod.</strong></span> <span class='ocrx_word' id='word_1_173' title='bbox 434 2415 471 2476; x_wconf 91' lang='lat' dir='ltr'><strong>al.</strong></span> <span class='ocrx_word' id='word_1_174' title='bbox 503 2414 714 2476; x_wconf 83' lang='lat' dir='ltr'><strong>instrumentum</strong></span> <span class='ocrx_word' id='word_1_175' title='bbox 743 2410 787 2493; x_wconf 85' lang='lat' dir='ltr'><strong>(ut</strong></span> <span class='ocrx_word' id='word_1_176' title='bbox 812 2409 897 2492; x_wconf 87' lang='lat'>618),</span> <span class='ocrx_word' id='word_1_177' title='bbox 925 2409 1033 2472; x_wconf 79' lang='lat' dir='ltr'><strong>diem</strong></span> <span class='ocrx_word' id='word_1_178' title='bbox 1060 2427 1149 2472; x_wconf 86' lang='lat' dir='ltr'><strong>mens.</strong></span> 
     </span>
     <span class='ocr_line' id='line_1_22' title="bbox 83 2506 1151 2592; baseline -0.001 -23"><span class='ocrx_word' id='word_1_179' title='bbox 83 2507 197 2585; x_wconf 86' lang='lat' dir='ltr'><strong>januarii,</strong></span> <span class='ocrx_word' id='word_1_180' title='bbox 213 2511 359 2573; x_wconf 92' lang='lat' dir='ltr'><strong>continens</strong></span> <span class='ocrx_word' id='word_1_181' title='bbox 371 2511 529 2592; x_wconf 83' lang='lat' dir='ltr'><strong>homagium</strong></span> <span class='ocrx_word' id='word_1_182' title='bbox 544 2511 637 2592; x_wconf 87' lang='lat' dir='ltr'><strong>ligium</strong></span> <span class='ocrx_word' id='word_1_183' title='bbox 650 2510 685 2571; x_wconf 90' lang='lat' dir='ltr'><strong>de</strong></span> <span class='ocrx_word' id='word_1_184' title='bbox 702 2528 821 2590; x_wconf 90' lang='lat' dir='ltr'><strong>persona</strong></span> <span class='ocrx_word' id='word_1_185' title='bbox 840 2508 1052 2589; x_wconf 85' lang='lat' dir='ltr'><strong>prestitum&#39;per</strong></span> <span class='ocrx_word' id='word_1_186' title='bbox 1079 2506 1151 2569; x_wconf 90' lang='lat' dir='ltr'><strong>Gui-</strong></span> 
     </span>
     <span class='ocr_line' id='line_1_23' title="bbox 50 2604 1071 2687; baseline -0.001 -20"><span class='ocrx_word' id='word_1_187' title='bbox 50 2673 55 2682; x_wconf 54' lang='grc'><strong>,</strong></span> <span class='ocrx_word' id='word_1_188' title='bbox 84 2624 173 2684; x_wconf 84' lang='lat' dir='ltr'><strong>gonem</strong></span> <span class='ocrx_word' id='word_1_189' title='bbox 186 2607 302 2669; x_wconf 89' lang='lat' dir='ltr'><strong>Romani</strong></span> <span class='ocrx_word' id='word_1_190' title='bbox 319 2608 474 2669; x_wconf 86' lang='lat' dir='ltr'><strong>Triviamm</strong></span> <span class='ocrx_word' id='word_1_191' title='bbox 492 2607 573 2669; x_wconf 79' lang='lat' dir='ltr'><strong>dom⁰</strong></span> <span class='ocrx_word' id='word_1_192' title='bbox 585 2605 681 2669; x_wconf 78' lang='lat' dir='ltr'><strong>nostro</strong></span> <span class='ocrx_word' id='word_1_193' title='bbox 697 2605 828 2687; x_wconf 89' lang='lat' dir='ltr'><strong>dalphino</strong></span> <span class='ocrx_word' id='word_1_194' title='bbox 845 2617 873 2668; x_wconf 90' lang='lat' dir='ltr'><strong>et</strong></span> <span class='ocrx_word' id='word_1_195' title='bbox 886 2604 1071 2667; x_wconf 89' lang='lat' dir='ltr'><strong>terminum...</strong></span> 
     </span>
    </p>

    <p class='ocr_par' dir='ltr' id='par_1_9' title="bbox 84 2700 1170 3052">
     <span class='ocr_line' id='line_1_24' title="bbox 119 2700 1153 2787; baseline 0.003 -26"><span class='ocrx_word' id='word_1_196' title='bbox 119 2700 180 2778; x_wconf 87' lang='lat'>632.</span> <span class='ocrx_word' id='word_1_197' title='bbox 196 2710 276 2779; x_wconf 80' lang='lat' dir='ltr'><strong>item,</strong></span> <span class='ocrx_word' id='word_1_198' title='bbox 292 2705 379 2784; x_wconf 91' lang='lat' dir='ltr'><strong>quod.</strong></span> <span class='ocrx_word' id='word_1_199' title='bbox 394 2705 431 2766; x_wconf 92' lang='lat' dir='ltr'><strong>al.</strong></span> <span class='ocrx_word' id='word_1_200' title='bbox 458 2705 670 2767; x_wconf 81' lang='lat' dir='ltr'><strong>instrumentum</strong></span> <span class='ocrx_word' id='word_1_201' title='bbox 687 2703 731 2785; x_wconf 83' lang='lat' dir='ltr'><strong>(ut</strong></span> <span class='ocrx_word' id='word_1_202' title='bbox 741 2703 877 2787; x_wconf 64' lang='lat' dir='ltr'><strong>precem),</strong></span> <span class='ocrx_word' id='word_1_203' title='bbox 893 2704 1038 2767; x_wconf 87' lang='lat' dir='ltr'><strong>continens</strong></span> <span class='ocrx_word' id='word_1_204' title='bbox 1052 2703 1153 2765; x_wconf 84' lang='lat' dir='ltr'><strong>homa·</strong></span> 
     </span>
     <span class='ocr_line' id='line_1_25' title="bbox 84 2798 1153 2883; baseline 0.001 -25"><span class='ocrx_word' id='word_1_205' title='bbox 84 2796 252 2907; x_wconf 81' lang='lat' dir='ltr'><strong>giumligium</strong></span> <span class='ocrx_word' id='word_1_206' title='bbox 280 2799 423 2881; x_wconf 85' lang='lat' dir='ltr'><strong>prestitum</strong></span> <span class='ocrx_word' id='word_1_207' title='bbox 452 2820 502 2883; x_wconf 90' lang='lat' dir='ltr'><strong>per</strong></span> <span class='ocrx_word' id='word_1_208' title='bbox 532 2801 706 2864; x_wconf 90' lang='lat' dir='ltr'><strong>Guillelmum</strong></span> <span class='ocrx_word' id='word_1_209' title='bbox 732 2799 862 2863; x_wconf 85' lang='lat' dir='ltr'><strong>Mistraiis</strong></span> <span class='ocrx_word' id='word_1_210' title='bbox 890 2800 926 2863; x_wconf 90' lang='lat' dir='ltr'><strong>de</strong></span> <span class='ocrx_word' id='word_1_211' title='bbox 954 2800 1093 2883; x_wconf 90' lang='lat' dir='ltr'><strong>0ysencio</strong></span> <span class='ocrx_word' id='word_1_212' title='bbox 1115 2798 1153 2860; x_wconf 69' lang='grc' dir='ltr'><strong>111ί</strong></span> 
     </span>
     <span class='ocr_line' id='line_1_26' title="bbox 85 2892 1170 3010; baseline 0.003 -57"><span class='ocrx_word' id='word_1_213' title='bbox 85 2892 188 2974; x_wconf 90' lang='lat' dir='ltr'><strong>principi</strong></span> <span class='ocrx_word' id='word_1_214' title='bbox 203 2896 282 2958; x_wconf 70' lang='grc' dir='ltr'><strong>(1111ο</strong></span> <span class='ocrx_word' id='word_1_215' title='bbox 294 2899 441 2961; x_wconf 88' lang='lat' dir='ltr'><strong>nostrod.</strong></span> <span class='ocrx_word' id='word_1_216' title='bbox 459 2898 614 3010; x_wconf 84' lang='lat' dir='ltr'><strong>Humberto</strong></span> <span class='ocrx_word' id='word_1_217' title='bbox 628 2897 705 2959; x_wconf 87' lang='lat' dir='ltr'><strong>dom.</strong></span> <span class='ocrx_word' id='word_1_218' title='bbox 731 2897 880 2960; x_wconf 89' lang='lat' dir='ltr'><strong>Viennensi</strong></span> <span class='ocrx_word' id='word_1_219' title='bbox 901 2897 1032 2979; x_wconf 90' lang='lat' dir='ltr'><strong>dalphino</strong></span> <span class='ocrx_word' id='word_1_220' title='bbox 1057 2908 1086 2958; x_wconf 92' lang='lat' dir='ltr'><strong>et</strong></span> <span class='ocrx_word' id='word_1_221' title='bbox 1096 2908 1153 2958; x_wconf 89' lang='lat' dir='ltr'><strong>ter</strong></span> <span class='ocrx_word' id='word_1_222' title='bbox 1164 2905 1170 2918; x_wconf 82' lang='lat'><strong>‘</strong></span> 
     </span>
     <span class='ocr_line' id='line_1_27' title="bbox 86 2989 213 3056; baseline 0.011 -5"><span class='ocrx_word' id='word_1_223' title='bbox 86 2989 213 3056; x_wconf 86' lang='lat' dir='ltr'><strong>minum..</strong></span> 
     </span>
    </p>

    <p class='ocr_par' dir='ltr' id='par_1_10' title="bbox 87 3086 1152 3364">
     <span class='ocr_line' id='line_1_28' title="bbox 120 3086 1152 3173; baseline -0.003 -25"><span class='ocrx_word' id='word_1_224' title='bbox 120 3087 180 3166; x_wconf 81' lang='lat'>633.</span> <span class='ocrx_word' id='word_1_225' title='bbox 202 3099 282 3166; x_wconf 88' lang='lat' dir='ltr'><strong>Item,</strong></span> <span class='ocrx_word' id='word_1_226' title='bbox 310 3092 396 3172; x_wconf 91' lang='lat' dir='ltr'><strong>quod.</strong></span> <span class='ocrx_word' id='word_1_227' title='bbox 426 3092 462 3154; x_wconf 88' lang='lat' dir='ltr'><strong>al.</strong></span> <span class='ocrx_word' id='word_1_228' title='bbox 488 3091 597 3173; x_wconf 88' lang='lat' dir='ltr'><strong>publ.&#39;</strong></span> <span class='ocrx_word' id='word_1_229' title='bbox 590 3103 801 3153; x_wconf 84' lang='lat' dir='ltr'><strong>rnstrumentum</strong></span> <span class='ocrx_word' id='word_1_230' title='bbox 828 3090 871 3171; x_wconf 89' lang='lat' dir='ltr'><strong>(ut</strong></span> <span class='ocrx_word' id='word_1_231' title='bbox 899 3089 984 3171; x_wconf 87' lang='lat'>618),</span> <span class='ocrx_word' id='word_1_232' title='bbox 1007 3086 1152 3150; x_wconf 87' lang='lat' dir='ltr'><strong>continens</strong></span> 
     </span>
     <span class='ocr_line' id='line_1_29' title="bbox 87 3181 1152 3273; baseline 0 -31"><span class='ocrx_word' id='word_1_233' title='bbox 87 3182 229 3268; x_wconf 90' lang='lat' dir='ltr'><strong>homagium</strong></span> <span class='ocrx_word' id='word_1_234' title='bbox 243 3189 339 3270; x_wconf 89' lang='lat' dir='ltr'><strong>ligium</strong></span> <span class='ocrx_word' id='word_1_235' title='bbox 363 3190 507 3270; x_wconf 89' lang='lat' dir='ltr'><strong>prestitum</strong></span> <span class='ocrx_word' id='word_1_236' title='bbox 528 3207 578 3270; x_wconf 90' lang='lat' dir='ltr'><strong>per</strong></span> <span class='ocrx_word' id='word_1_237' title='bbox 605 3195 752 3273; x_wconf 80' lang='lat' dir='ltr'><strong>Hugonern</strong></span> <span class='ocrx_word' id='word_1_238' title='bbox 767 3187 803 3248; x_wconf 88' lang='lat' dir='ltr'><strong>de</strong></span> <span class='ocrx_word' id='word_1_239' title='bbox 818 3187 945 3249; x_wconf 88' lang='lat' dir='ltr'><strong>Cizerino</strong></span> <span class='ocrx_word' id='word_1_240' title='bbox 969 3185 1103 3264; x_wconf 87' lang='lat' dir='ltr'><strong>juniorem</strong></span> <span class='ocrx_word' id='word_1_241' title='bbox 1116 3181 1152 3242; x_wconf 70' lang='grc'><strong>1111</strong></span> 
     </span>
     <span class='ocr_line' id='line_1_30' title="bbox 88 3280 1149 3364; baseline -0.01 -14"><span class='ocrx_word' id='word_1_242' title='bbox 88 3281 189 3364; x_wconf 75' lang='lat' dir='ltr'><strong>principi</strong></span> <span class='ocrx_word' id='word_1_243' title='bbox 199 3286 277 3348; x_wconf 82' lang='grc' dir='ltr'><strong>11111ο</strong></span> <span class='ocrx_word' id='word_1_244' title='bbox 290 3300 387 3349; x_wconf 90' lang='lat' dir='ltr'><strong>nostro</strong></span> <span class='ocrx_word' id='word_1_245' title='bbox 404 3287 433 3348; x_wconf 91' lang='lat' dir='ltr'><strong>d.</strong></span> <span class='ocrx_word' id='word_1_246' title='bbox 456 3286 601 3348; x_wconf 86' lang='lat' dir='ltr'><strong>Hunberto</strong></span> <span class='ocrx_word' id='word_1_247' title='bbox 614 3283 762 3348; x_wconf 88' lang='lat' dir='ltr'><strong>Viennensi</strong></span> <span class='ocrx_word' id='word_1_248' title='bbox 773 3283 903 3363; x_wconf 88' lang='lat' dir='ltr'><strong>dalphino</strong></span> <span class='ocrx_word' id='word_1_249' title='bbox 924 3295 952 3344; x_wconf 88' lang='lat' dir='ltr'><strong>et</strong></span> <span class='ocrx_word' id='word_1_250' title='bbox 964 3280 1149 3343; x_wconf 89' lang='lat' dir='ltr'><strong>terminum...</strong></span> 
     </span>
    </p>

    <p class='ocr_par' dir='ltr' id='par_1_11' title="bbox 88 3375 1154 3658">
     <span class='ocr_line' id='line_1_31' title="bbox 122 3375 1151 3464; baseline -0.006 -24"><span class='ocrx_word' id='word_1_251' title='bbox 122 3381 182 3460; x_wconf 81' lang='lat'>634.</span> <span class='ocrx_word' id='word_1_252' title='bbox 200 3388 280 3460; x_wconf 87' lang='lat' dir='ltr'><strong>item,</strong></span> <span class='ocrx_word' id='word_1_253' title='bbox 311 3384 397 3464; x_wconf 92' lang='lat' dir='ltr'><strong>quod.</strong></span> <span class='ocrx_word' id='word_1_254' title='bbox 419 3385 631 3445; x_wconf 89' lang='lat' dir='ltr'><strong>instrumentum</strong></span> <span class='ocrx_word' id='word_1_255' title='bbox 657 3381 701 3462; x_wconf 84' lang='lat' dir='ltr'><strong>(ut</strong></span> <span class='ocrx_word' id='word_1_256' title='bbox 716 3381 800 3461; x_wconf 88' lang='lat'>618),</span> <span class='ocrx_word' id='word_1_257' title='bbox 825 3379 971 3442; x_wconf 91' lang='lat' dir='ltr'><strong>continens</strong></span> <span class='ocrx_word' id='word_1_258' title='bbox 993 3375 1151 3456; x_wconf 89' lang='lat' dir='ltr'><strong>homagium</strong></span> 
     </span>
     <span class='ocr_line' id='line_1_32' title="bbox 88 3470 1154 3562; baseline -0.007 -24"><span class='ocrx_word' id='word_1_259' title='bbox 88 3472 167 3555; x_wconf 81' lang='lat' dir='ltr'><strong>ligium</strong></span> <span class='ocrx_word' id='word_1_260' title='bbox 174 3480 214 3560; x_wconf 27' lang='lat' dir='ltr'><strong>‘de</strong></span> <span class='ocrx_word' id='word_1_261' title='bbox 240 3500 362 3562; x_wconf 88' lang='lat' dir='ltr'><strong>persona</strong></span> <span class='ocrx_word' id='word_1_262' title='bbox 386 3480 530 3562; x_wconf 88' lang='lat' dir='ltr'><strong>prestitum</strong></span> <span class='ocrx_word' id='word_1_263' title='bbox 549 3478 627 3540; x_wconf 87' lang='lat' dir='ltr'><strong>dom⁰</strong></span> <span class='ocrx_word' id='word_1_264' title='bbox 649 3490 745 3539; x_wconf 87' lang='lat' dir='ltr'><strong>nostro</strong></span> <span class='ocrx_word' id='word_1_265' title='bbox 766 3476 912 3538; x_wconf 85' lang='lat' dir='ltr'><strong>Hunberto</strong></span> <span class='ocrx_word' id='word_1_266' title='bbox 925 3471 1074 3537; x_wconf 86' lang='lat' dir='ltr'><strong>viennensi</strong></span> <span class='ocrx_word' id='word_1_267' title='bbox 1090 3470 1154 3532; x_wconf 89' lang='lat' dir='ltr'><strong>dal-</strong></span> 
     </span>
     <span class='ocr_line' id='line_1_33' title="bbox 89 3572 1021 3658; baseline -0.003 -24"><span class='ocrx_word' id='word_1_268' title='bbox 89 3573 161 3650; x_wconf 93' lang='lat' dir='ltr'><strong>phino</strong></span> <span class='ocrx_word' id='word_1_269' title='bbox 173 3599 221 3658; x_wconf 89' lang='lat' dir='ltr'><strong>per</strong></span> <span class='ocrx_word' id='word_1_270' title='bbox 235 3586 405 3642; x_wconf 84' lang='lat' dir='ltr'><strong>Peronetum</strong></span> <span class='ocrx_word' id='word_1_271' title='bbox 416 3579 451 3640; x_wconf 92' lang='lat' dir='ltr'><strong>de</strong></span> <span class='ocrx_word' id='word_1_272' title='bbox 467 3577 595 3658; x_wconf 86' lang='lat' dir='ltr'><strong>Grangiis</strong></span> <span class='ocrx_word' id='word_1_273' title='bbox 607 3575 643 3637; x_wconf 88' lang='lat' dir='ltr'><strong>de</strong></span> <span class='ocrx_word' id='word_1_274' title='bbox 656 3574 776 3636; x_wconf 88' lang='lat' dir='ltr'><strong>Buxeria</strong></span> <span class='ocrx_word' id='word_1_275' title='bbox 793 3588 821 3636; x_wconf 94' lang='lat' dir='ltr'><strong>et</strong></span> <span class='ocrx_word' id='word_1_276' title='bbox 837 3572 1021 3636; x_wconf 87' lang='lat' dir='ltr'><strong>terminum.:.</strong></span> 
     </span>
    </p>
   </div>
   <div class='ocr_carea' id='block_1_5' title="bbox 88 3666 1267 3854">
    <p class='ocr_par' dir='ltr' id='par_1_12' title="bbox 88 3666 1267 3854">
     <span class='ocr_line' id='line_1_34' title="bbox 123 3666 1267 3758; baseline -0.019 -18"><span class='ocrx_word' id='word_1_277' title='bbox 123 3673 183 3752; x_wconf 80' lang='lat'>635.</span> <span class='ocrx_word' id='word_1_278' title='bbox 206 3683 286 3752; x_wconf 81' lang='lat' dir='ltr'><strong>item,</strong></span> <span class='ocrx_word' id='word_1_279' title='bbox 302 3675 389 3758; x_wconf 89' lang='lat' dir='ltr'><strong>quod.</strong></span> <span class='ocrx_word' id='word_1_280' title='bbox 416 3675 626 3738; x_wconf 88' lang='lat' dir='ltr'><strong>instrumentum</strong></span> <span class='ocrx_word' id='word_1_281' title='bbox 643 3673 685 3753; x_wconf 86' lang='lat' dir='ltr'><strong>(ut</strong></span> <span class='ocrx_word' id='word_1_282' title='bbox 711 3672 795 3752; x_wconf 89' lang='grc'><strong>618),</strong></span> <span class='ocrx_word' id='word_1_283' title='bbox 826 3669 971 3733; x_wconf 89' lang='lat' dir='ltr'><strong>continens</strong></span> <span class='ocrx_word' id='word_1_284' title='bbox 993 3666 1152 3748; x_wconf 86' lang='lat' dir='ltr'><strong>homagium</strong></span> <span class='ocrx_word' id='word_1_285' title='bbox 1264 3709 1267 3718; x_wconf 71' lang='grc'><strong>.</strong></span> 
     </span>
     <span class='ocr_line' id='line_1_35' title="bbox 88 3763 1255 3854; baseline -0.015 -16"><span class='ocrx_word' id='word_1_286' title='bbox 88 3765 170 3846; x_wconf 82' lang='lat' dir='ltr'><strong>ligium</strong></span> <span class='ocrx_word' id='word_1_287' title='bbox 183 3772 217 3834; x_wconf 91' lang='lat' dir='ltr'><strong>de</strong></span> <span class='ocrx_word' id='word_1_288' title='bbox 233 3792 354 3854; x_wconf 89' lang='lat' dir='ltr'><strong>persona</strong></span> <span class='ocrx_word' id='word_1_289' title='bbox 363 3771 508 3854; x_wconf 89' lang='lat' dir='ltr'><strong>prestitum</strong></span> <span class='ocrx_word' id='word_1_290' title='bbox 523 3772 603 3833; x_wconf 76' lang='lat' dir='ltr'><strong>domo</strong></span> <span class='ocrx_word' id='word_1_291' title='bbox 618 3782 714 3830; x_wconf 89' lang='lat' dir='ltr'><strong>nostro</strong></span> <span class='ocrx_word' id='word_1_292' title='bbox 724 3768 855 3849; x_wconf 81' lang='lat' dir='ltr'><strong>dalphino</strong></span> <span class='ocrx_word' id='word_1_293' title='bbox 869 3785 919 3848; x_wconf 90' lang='lat' dir='ltr'><strong>per</strong></span> <span class='ocrx_word' id='word_1_294' title='bbox 934 3774 1047 3830; x_wconf 84' lang='lat' dir='ltr'><strong>Petrum</strong></span> <span class='ocrx_word' id='word_1_295' title='bbox 1059 3763 1154 3826; x_wconf 85' lang='lat' dir='ltr'><strong>Ysmi-</strong></span> <span class='ocrx_word' id='word_1_296' title='bbox 1251 3773 1255 3780; x_wconf 80' lang='lat'><strong>·</strong></span> 
     </span>
    </p>
   </div>
   <div class='ocr_carea' id='block_1_6' title="bbox 89 3860 1152 4048">
    <p class='ocr_par' dir='ltr' id='par_1_13' title="bbox 89 3860 1152 4048">
     <span class='ocr_line' id='line_1_36' title="bbox 89 3860 686 3957; baseline 0.002 -30"><span class='ocrx_word' id='word_1_297' title='bbox 89 3860 159 3928; x_wconf 85' lang='lat' dir='ltr'><strong>donis</strong></span> <span class='ocrx_word' id='word_1_298' title='bbox 167 3868 200 3931; x_wconf 91' lang='lat' dir='ltr'><strong>de</strong></span> <span class='ocrx_word' id='word_1_299' title='bbox 212 3871 373 3957; x_wconf 84' lang='lat' dir='ltr'><strong>Pasqueriis</strong></span> <span class='ocrx_word' id='word_1_300' title='bbox 391 3884 420 3933; x_wconf 91' lang='lat' dir='ltr'><strong>et</strong></span> <span class='ocrx_word' id='word_1_301' title='bbox 436 3869 622 3933; x_wconf 88' lang='lat' dir='ltr'><strong>terminum...</strong></span> <span class='ocrx_word' id='word_1_302' title='bbox 677 3893 686 3905; x_wconf 92' lang='lat'><strong>·</strong></span> 
     </span>
     <span class='ocr_line' id='line_1_37' title="bbox 124 3962 1152 4048; baseline -0.009 -18"><span class='ocrx_word' id='word_1_303' title='bbox 124 3962 185 4041; x_wconf 83' lang='lat'>636.</span> <span class='ocrx_word' id='word_1_304' title='bbox 201 3975 279 4043; x_wconf 89' lang='lat' dir='ltr'><strong>ltem,</strong></span> <span class='ocrx_word' id='word_1_305' title='bbox 294 3967 380 4048; x_wconf 89' lang='lat' dir='ltr'><strong>quod.</strong></span> <span class='ocrx_word' id='word_1_306' title='bbox 393 3968 430 4030; x_wconf 88' lang='lat' dir='ltr'><strong>al.</strong></span> <span class='ocrx_word' id='word_1_307' title='bbox 449 3968 660 4030; x_wconf 87' lang='lat' dir='ltr'><strong>instrumentum</strong></span> <span class='ocrx_word' id='word_1_308' title='bbox 671 3965 714 4048; x_wconf 89' lang='lat' dir='ltr'><strong>(ut</strong></span> <span class='ocrx_word' id='word_1_309' title='bbox 727 3964 813 4046; x_wconf 78' lang='lat'>631),</span> <span class='ocrx_word' id='word_1_310' title='bbox 827 3963 973 4026; x_wconf 87' lang='lat' dir='ltr'><strong>continens</strong></span> <span class='ocrx_word' id='word_1_311' title='bbox 994 3962 1152 4044; x_wconf 87' lang='lat' dir='ltr'><strong>homagium</strong></span> 
     </span>
    </p>
   </div>
   <div class='ocr_carea' id='block_1_7' title="bbox 89 4053 1153 4241">
    <p class='ocr_par' dir='ltr' id='par_1_14' title="bbox 89 4053 1153 4241">
     <span class='ocr_line' id='line_1_38' title="bbox 89 4053 1153 4145; baseline -0.004 -23"><span class='ocrx_word' id='word_1_312' title='bbox 89 4053 173 4136; x_wconf 79' lang='lat' dir='ltr'><strong>ligium</strong></span> <span class='ocrx_word' id='word_1_313' title='bbox 187 4062 220 4124; x_wconf 90' lang='lat' dir='ltr'><strong>de</strong></span> <span class='ocrx_word' id='word_1_314' title='bbox 233 4083 351 4145; x_wconf 88' lang='lat' dir='ltr'><strong>persona</strong></span> <span class='ocrx_word' id='word_1_315' title='bbox 358 4065 502 4144; x_wconf 88' lang='lat' dir='ltr'><strong>prestitum</strong></span> <span class='ocrx_word' id='word_1_316' title='bbox 517 4063 552 4125; x_wconf 83' lang='grc'><strong>111</strong></span> <span class='ocrx_word' id='word_1_317' title='bbox 558 4062 674 4145; x_wconf 87' lang='lat' dir='ltr'><strong>principi</strong></span> <span class='ocrx_word' id='word_1_318' title='bbox 690 4059 767 4124; x_wconf 85' lang='lat' dir='ltr'><strong>dom⁰</strong></span> <span class='ocrx_word' id='word_1_319' title='bbox 776 4061 908 4123; x_wconf 91' lang='lat' dir='ltr'><strong>nostrod.</strong></span> <span class='ocrx_word' id='word_1_320' title='bbox 927 4061 1081 4123; x_wconf 85' lang='lat' dir='ltr'><strong>Humberto</strong></span> <span class='ocrx_word' id='word_1_321' title='bbox 1096 4059 1153 4120; x_wconf 81' lang='lat' dir='ltr'><strong>dr&#39;ro</strong></span> 
     </span>
     <span class='ocr_line' id='line_1_39' title="bbox 91 4153 991 4241; baseline -0.001 -23"><span class='ocrx_word' id='word_1_322' title='bbox 91 4153 227 4220; x_wconf 88' lang='lat' dir='ltr'><strong>Viennensi</strong></span> <span class='ocrx_word' id='word_1_323' title='bbox 238 4160 370 4240; x_wconf 88' lang='lat' dir='ltr'><strong>dalphino</strong></span> <span class='ocrx_word' id='word_1_324' title='bbox 383 4179 434 4241; x_wconf 89' lang='lat' dir='ltr'><strong>per</strong></span> <span class='ocrx_word' id='word_1_325' title='bbox 450 4160 596 4241; x_wconf 83' lang='lat' dir='ltr'><strong>Lagerium</strong></span> <span class='ocrx_word' id='word_1_326' title='bbox 611 4158 647 4220; x_wconf 88' lang='lat' dir='ltr'><strong>de</strong></span> <span class='ocrx_word' id='word_1_327' title='bbox 666 4157 757 4219; x_wconf 87' lang='lat' dir='ltr'><strong>Pratis</strong></span> <span class='ocrx_word' id='word_1_328' title='bbox 767 4170 796 4219; x_wconf 88' lang='lat' dir='ltr'><strong>et</strong></span> <span class='ocrx_word' id='word_1_329' title='bbox 806 4156 991 4218; x_wconf 84' lang='lat' dir='ltr'><strong>terminum...</strong></span> 
     </span>
    </p>
   </div>
   <div class='ocr_carea' id='block_1_8' title="bbox 0 0 1436 4900">
    <p class='ocr_par' dir='ltr' id='par_1_15' title="bbox 0 0 1436 4900">
     <span class='ocr_line' id='line_1_40' title="bbox 0 0 1436 4900; baseline 0 0"><span class='ocrx_word' id='word_1_330' title='bbox 0 0 1436 4900; x_wconf 95' lang='lat' dir='ltr'><strong> </strong></span> 
     </span>
    </p>
   </div>
  </div>
 </body>
</html>
