2844 4900
279 568 315 630 ad
330 567 420 629 rivum
434 565 470 628 de
483 565 640 640 cicutino,
652 563 775 644 exceptis
788 562 878 626 leudis
892 579 947 645 que
961 561 1036 624 idem
1047 560 1187 625 siboudus
1197 571 1271 624 tenet
1282 581 1296 622 u
1308 561 1333 622 d⁰
1402 587 1403 622 r

279 662 418 744 Guigone,
436 674 465 724 et
476 660 602 743 promisit
613 680 664 742 pro
678 660 809 740 predictis
833 679 895 723 esse
906 658 995 721 tidelis
1008 659 1083 722 dicto
1108 658 1253 736 Siboudo;
1282 658 1334 720 item
1402 683 1403 704 t

277 759 403 822 continet
427 757 495 821 dict.
514 759 608 820 instrm
629 757 704 840 quod
724 756 792 820 dict.
811 757 902 838 Guigo
930 756 1053 819 morardi
1070 756 1196 838 predicta
1214 755 1298 816 omnia
1314 766 1335 816 et

277 857 385 940 singula
400 854 526 919 vendidit
553 853 628 918 dicto
654 854 778 944 Siboudo
797 853 962 918 venditione
976 871 1056 935 pura,
1079 854 1175 935 precio
1187 869 1240 916 unx
1252 851 1332 915 librar.

277 953 413 1018 viennen.
433 973 443 1032 ;
467 951 533 1016 item
558 951 693 1040 'continet
714 950 958 1016 confirmacionem
983 950 1085 1014 iactam
1120 969 1171 1032 per
1198 957 1334 1033 lyptoten

166 1071 167 1074 ¹
279 1050 413 1128 llorardi,
423 1045 536 1113 fratrem
554 1049 621 1112 dicti
632 1049 778 1131 Guigonis.

316 1165 386 1230 924.
429 1153 508 1225 Item,
539 1146 627 1229 qued.
656 1147 753 1210 lietera
787 1147 817 1208 in
843 1145 977 1228 pendenti
1001 1146 1118 1228 sigillata
1156 1147 1247 1230 sigillo
1272 1146 1336 1208 dom·

277 1245 417 1310 abbatisse
432 1249 566 1328 nyarum,
592 1243 696 1325 scripta
710 1243 762 1308 sub
786 1261 859 1306 anno
886 1244 940 1306 ott
962 1249 1180 1321 tuccetum,
1205 1245 1336 1308 continens

277 1345 352 1428 quod
367 1344 441 1407 dicta
457 1342 533 1406 dom.
547 1341 687 1406 abbatissa
705 1351 734 1406 et
747 1342 825 1406 dorn⁰
838 1343 1069 1407 sanctomartiales
1083 1343 1208 1424 eiusdem
1238 1361 1336 1406 monas·

275 1441 340 1506 terii
350 1442 477 1504 confesse
490 1441 601 1504 iustum
610 1440 739 1504 habuisse
751 1441 788 1504 ab
803 1441 840 1502 ill*
853 1441 914 1504 viro
931 1441 1008 1504 dom.
1020 1443 1142 1506 lientioo
1152 1439 1285 1524 Delphini,
1294 1458 1335 1522 per,

276 1537 544 1619 manum-Guigonis
572 1537 707 1601 pellicent
729 1537 871 1600 castellani
896 1536 1000 1615 visite,
1018 1555 1082 1600 uxxr
1104 1538 1189 1600 libras
1214 1538 1331 1600 Viermett.

276 1653 328 1718 pro
350 1635 477 1716 dampnis
497 1634 569 1698 datis
585 1648 614 1697 et
638 1635 837 1698 consumentis
853 1647 882 1696 et
904 1634 1012 1696 allls'in
1042 1631 1142 1716 quibus
1163 1634 1251 1698 dictus
1268 1633 1331 1696 don.

278 1733 414 1794 llenticus
423 1744 452 1794 et
461 1730 524 1811 ejus
537 1731 767 1812 predeccessores
782 1730 857 1794 dicto
870 1731 1039 1794 monasterio
1055 1732 1230 1795 tenebantur.

187 1831 189 1836 ’
316 1843 385 1913 925·
400 1835 480 1903 ltem,
499 1825 584 1910 quod.
600 1828 677 1908 publ.
693 1828 906 1892 instrumentum
926 1827 1058 1908 scriptum
1073 1845 1158 1890 manu
1186 1827 1257 1894 Petri
1275 1826 1334 1888 Gul-

274 1925 347 1988 lelml
364 1925 473 2002 notarii,
499 1925 551 1989 sub
577 1939 653 1988 anno
671 1925 725 1987 Dill
750 1927 912 2000 MolltLvo,
940 1933 992 1986 ιιι
1021 1925 1134 1990 kalend.
1161 1922 1238 2006 iunii,
1259 1923 1332 2004 sigilo

276 2023 381 2086 Odbnis
395 2023 539 2085 Alamandi
570 2023 599 2084 in
621 2023 754 2104 pendenti
782 2019 941 2103 sigillatum,
962 2023 1109 2086 continens
1122 2025 1198 2106 qaod
1217 2021 1333 2086 odolla-

275 2122 379 2198 mandi,
395 2121 525 2184 dominus
548 2119 588 2182 de
602 2117 725 2201 Campis,
751 2119 830 2182 dedit
844 2119 1000 2182 donacione
1016 2140 1085 2201 pura
1107 2121 1180 2183 inter
1193 2121 1269 2183 uiuos
1279 2133 1334 2181 cas

273 2233 346 2282 trum
357 2219 392 2281 de
406 2219 528 2300 Campis,
545 2229 573 2279 et
586 2217 676 2280 dictus
689 2217 766 2279 dom.
779 2217 925 2298 dalpbinus
936 2217 1003 2279 dict.
1021 2230 1141 2280 castrum
1154 2218 1243 2280 eidem
1256 2213 1332 2278 odoni

272 2314 386 2376 tradidit
401 2315 431 2376 in
441 2315 554 2376 leudam
566 2325 595 2378 et
608 2314 699 2396 ipsum
709 2315 853 2377 confessus
865 2315 915 2377 luit
928 2314 1019 2376 dictus
1046 2316 1109 2378 odo
1134 2327 1231 2379 tenere
1243 2333 1258 2377 a
1271 2313 1333 2376 dicto

166 2401 168 2406 ’
274 2409 507 2491 dom.dalphino.

314 2507 382 2588 926.
400 2515 480 2586 ltem,
501 2507 588 2590 quod.
612 2508 690 2590 publ.
718 2508 931 2572 instrumentum
956 2510 1088 2592 scriptum
1106 2529 1190 2572 manu
1218 2509 1286 2572 Petri
1303 2506 1332 2568 de

273 2603 404 2666 Correnis
417 2605 517 2667 notarii
538 2605 615 2688 pubi.
635 2606 689 2668 sub
703 2623 778 2668 ,anno
802 2607 857 2670 uni
883 2607 1231 2684 tt·cc0val110,indic.
1254 2623 1331 2682 x1‚v⁰

272 2699 334 2762 idus
358 2700 432 2778 maii,
460 2701 608 2767 continens
637 2703 855 2784 recognitionem
885 2703 986 2767 iactam
1006 2703 1089 2766 domo
1117 2711 1202 2768 Petro
1225 2703 1329 2776 nuncil,

272 2796 385 2858 domino
394 2797 496 2859 Montis
511 2797 632 2874 sonori,
648 2813 699 2878 pet
713 2801 889 2882 Rodulphum
899 2801 935 2863 ds
944 2801 1093 2884 Theyssio‚
1102 2800 1187 2863 lilium
1201 2797 1331 2863 olimdom¹

270 2894 376 2956 Alberti
390 2896 425 2957 de
440 2895 578 2978 Theyssie
593 2896 696 2974 militis,
713 2897 748 2960 de
772 2898 824 2960 hiis
839 2899 967 2962 omnbus
983 2917 1039 2980 que
1052 2897 1204 2980 h(ab)ebat
1224 2899 1250 2960 in
1265 2915 1332 2960 mar-

270 2993 402 3055 damento
417 2992 520 3056 montis
542 2994 634 3056 Fortis
646 3008 674 3056 et
686 2989 715 3056 in
729 2995 927 3058 mandamento
952 2997 1055 3058 Montis
1069 2996 1179 3060 Bonodi
1194 3013 1223 3058 et
1232 2995 1265 3056 de
1277 2993 1333 3071 iuri-

269 3089 380 3152 dicione
394 3109 475 3172 quam
489 3087 610 3152 habebat
626 3091 700 3171 apud
715 3090 839 3154 llontem
854 3098 977 3168 Fortem,
993 3093 1140 3155 continens
1156 3093 1238 3156 etiam
1255 3093 1332 3174 plures

269 3187 412 3268 pactiones
426 3188 527 3250 inhitas
548 3188 620 3250 inter
633 3189 738 3250 dictum
757 3187 835 3251 dom.
852 3195 886 3252 P.
903 3201 932 3256 et
946 3189 1050 3252 dictum
1074 3191 1148 3252 Rod.
1160 3203 1244 3272 prout
1258 3190 1303 3251 het
1310 3199 1332 3250 et

269 3285 321 3346 alia
334 3285 446 3347 indicto
461 3284 551 3348 instro
567 3285 755 3348 eontinentur.

307 3397 378 3464 927·
392 3389 471 3458 ltem‚
484 3382 570 3464 quod.
586 3382 664 3463 publ.
679 3382 893 3446 instrumentum
916 3401 1000 3446 manu
1016 3383 1091 3446 Petri
1118 3385 1220 3448 Polleti
1248 3377 1332 3445 notarii

268 3480 438 3556 coniectum,
463 3478 514 3540 sub
545 3495 618 3541 anno
646 3479 700 3544 Dr'ti
729 3481 936 3560 Mtllssuxxtu,
963 3479 1042 3544 indit.
1073 3497 1116 3560 ιιι,
1143 3491 1216 3544 ιινιιο
1233 3477 1332 3544 kalmd:

268 3575 373 3657 aprilis,
389 3577 534 3639 continens
549 3575 773 3656 recognicionem
796 3577 897 3640 lamam
912 3593 965 3659 per
985 3578 1136 3640 Guelisium
1154 3579 1190 3640 de
1208 3575 1333 3659 Rovoyria

267 3672 415 3735 diaconum
427 3671 553 3742 Siboudo
563 3673 599 3734 de
615 3679 714 3736 Castro
738 3679 833 3747 Novo,
849 3674 892 3736 tle
907 3673 1032 3756 pluribus
1048 3675 1133 3742 rebus
1155 3671 1331 3752 contentisin

267 3769 455 3845 dictoinstr10,
467 3783 495 3832 et
514 3769 703 3832 venditionem
717 3770 818 3833 iactam
843 3771 919 3833 dicto
940 3769 1065 3834 Siboudo
1080 3773 1118 3834 de
1130 3774 1259 3836 omnibus
1272 3785 1332 3833 con-

265 3865 349 3928 tentis
359 3865 392 3936 ‚in
404 3865 570 3944 dictoins²⁰,-
580 3867 675 3947 precio
689 3885 727 3928 xv
735 3867 830 3929 librar.
847 3868 984 3930 viennen.
1004 3889 1011 3929 :
1039 3885 1095 3950 que
1119 3864 1233 3950 quidem
1254 3873 1331 3930 reset

265 3981 366 4025 census
382 3975 447 4023 sont
459 3961 487 4024 in
501 3964 702 4027 mandamentis
718 3964 821 4026 Montis
835 3965 944 4028 Bonodi
957 3979 986 4027 et
1001 3966 1106 4028 Montis
1122 3967 1230 4029 Floriti.

306 4059 375 4141 928.
393 4065 472 4136 ltem,
497 4059 553 4122 duo
569 4053 646 4140 ptibl.
662 4061 844 4124 insuumenta
865 4061 896 4122 in
922 4061 1022 4123 eadem
1049 4063 1122 4142 pelle
1136 4063 1237 4145 scripta
1255 4073 1328 4122 mauu

265 4153 332 4218 dicti
347 4161 381 4218 P.
400 4153 510 4229 Polleti,
527 4154 579 4216 sub
602 4175 675 4218 anno
692 4156 746 4219 osi
763 4159 1003 4221 M⁰11⁶Lxxvl⁰r
1021 4157 1106 4221 videl.
1133 4159 1248 4240 primum
1258 4151 1327 4217 udis
