2936 4898
598 483 756 530 -ΖΙ-

139 597 263 659 latinaet
278 596 368 680 layca,
387 609 506 677 quatuor
523 595 619 676 sigillis
639 597 665 658 in
686 596 819 677 pendenti
841 597 969 678 sigillare,
998 599 1173 662 continentes
1187 599 1214 661 in

138 693 238 756 effectu
252 693 452 755 assedicionem
466 693 567 754 factam
579 711 630 774 per
642 693 718 754 dom.
735 712 828 774 regent
844 693 959 756 Francis
977 713 1025 758 seu
1046 695 1105 774 ejus
1118 695 1216 758 comis·

140 789 227 852 sarios
239 789 320 852 dom⁰
334 788 466 869 dalphino
477 788 637 866 Viennensi,
654 789 690 852 de
705 789 812 852 duabus
822 789 931 854 nnilibus
941 790 1018 854 libris
1032 797 1174 854 Turonen.
1188 791 1215 853 in

139 886 268 969 bayllivia
279 886 409 948 Alvernie
425 885 453 946 in
467 884 620 948 redditibus
642 885 817 962 annualibus,
843 906 897 968 que
913 887 1008 952 lictere
1031 887 1133 970 scripte
1152 888 1216 950 lue-

140 997 204 1046 runt
215 983 245 1046 in
260 983 323 1046 loco
339 983 376 1045 de
393 983 533 1064 langiaco
553 995 582 1045 et
601 982 629 1044 in
652 983 720 1046 locis
739 983 942 1046 circumvicinis
958 997 986 1048 et
997 985 1025 1048 in
1042 997 1165 1048 mercato
1180 985 1215 1048 de

142 1079 245 1157 Brolib,
261 1080 314 1144 sub
330 1098 404 1143 anno
422 1081 475 1142 uni
501 1085 712 1156 M⁰CCC⁰XVl⁰,
732 1079 778 1144 die
798 1081 893 1143 martis
911 1081 939 1144 in
961 1081 1053 1164 vigilia
1077 1082 1217 1164 apostolo-
1279 1157 1285 1170 ι

142 1197 200 1239 rum
216 1177 346 1260 symonis
365 1189 392 1240 et
402 1176 483 1239 lude.

182 1294 231 1356 93.
249 1282 329 1352 ltem,
345 1274 430 1356 qued.
445 1274 540 1340 lictere
554 1274 590 1339 ab
599 1273 733 1339 excellen.
748 1275 860 1337 domina
877 1274 955 1336 dom¹
970 1281 1047 1338 Bona
1075 1276 1214 1359 duri(ss)a

142 1367 323 1448 Normandie,
339 1371 501 1452 exequtrixe
518 1371 676 1435 testamenti
692 1371 769 1434 dom⁸
785 1371 871 1435 llarie
888 1373 923 1436 de
942 1373 1109 1451 brabancio,
1130 1374 1216 1438 comi-

142 1470 206 1532 tisse
219 1467 370 1544 sabaudie,
389 1482 516 1532 emanare
534 1470 648 1551 ejusque
666 1468 756 1550 sigillo
772 1487 836 1532 cera
851 1470 937 1533 rubea
950 1470 979 1532 in
992 1471 1124 1552 pendenti
1142 1470 1216 1552 sigil-

142 1568 205 1642 late,
220 1566 323 1647 scripte
335 1565 410 1647 linga
424 1567 520 1647 gallea
534 1567 587 1630 sub
599 1585 673 1630 anno
693 1572 746 1628 [lili
762 1573 957 1644 M⁰CCC⁰XL⁰,
972 1568 1017 1633 die
1036 1582 1087 1630 mra
1114 1569 1216 1633 mensis

142 1665 246 1742 marcii,
259 1664 433 1727 continentes
445 1665 520 1747 quod
533 1665 593 1746 ipsa
602 1665 678 1727 dom.
689 1664 817 1728 duchissa
826 1665 954 1729 contessa
965 1665 1016 1728 fuit
1027 1665 1156 1730 babuisse
1165 1685 1216 1747 pro

142 1763 238 1825 duario
261 1763 338 1825 doure
354 1762 441 1825 Maris
453 1762 489 1824 de
502 1761 652 1839 Sabaudia‚
672 1761 783 1824 domine
799 1761 958 1844 Fucigniaci
973 1763 1102 1841 condam,
1119 1777 1216 1845 quater

142 1861 213 1922 mille
226 1862 347 1922 florenos
359 1860 394 1922 de
411 1860 579 1924 Florentiaa
594 1860 672 1922 dom⁰
687 1860 812 1923 soffredo
827 1860 863 1923 de
880 1860 966 1923 Arciis
981 1860 1065 1922 milite
1081 1873 1111 1922 et
1126 1867 1217 1922 Hum-

142 1958 220 2020 berto
236 1957 328 2033 Pilati,
344 1958 516 2021 solventibus
530 1959 642 2021 nomine
654 1958 727 2020 dom'
738 1958 872 2039 dalphini,
890 1958 918 2019 in
937 1956 1137 2019 extenuatione
1154 1975 1217 2016 ma-

141 2055 205 2135 joris
217 2073 324 2117 summe
338 2055 404 2118 dicti
421 2055 508 2118 duarii
522 2056 551 2118 iu
570 2076 625 2137 qua
640 2055 729 2120 dictus
750 2056 826 2118 doro.
849 2054 995 2135 dalphinus
1012 2052 1187 2135 (tenebatur)
1206 2071 1214 2128 ;

142 2171 195 2234 que
209 2151 321 2233 quidem
341 2152 436 2214 lictere
455 2153 642 2234 quoroborate
658 2165 722 2215 sunt
738 2151 857 2234 quadam
887 2151 981 2214 lietera
1006 2162 1142 2212 annexata
1164 2143 1217 2211 sub

143 2249 231 2332 sigillo
243 2249 419 2332 prepositure
434 2250 565 2313 Parisius.
597 2279 600 2290 ·

176 2355 210 2411 Et
223 2355 323 2410 luerunt
336 2363 394 2428 post
408 2353 471 2412 illico
486 2355 595 2429 predicte
619 2354 687 2410 litere
709 2353 816 2428 reposita
839 2353 862 2408 in
886 2350 976 2408 scrinio
999 2350 1040 2409 ubi
1063 2361 1121 2409 sunt
1144 2367 1217 2427 paces

144 2441 234 2499 domini
247 2442 328 2498 nostri
342 2441 450 2516 dalphini
468 2452 493 2499 et
511 2441 607 2500 comitis
621 2440 755 2514 Sabaudie,
771 2450 796 2497 et
810 2439 962 2498 invenientur
977 2438 1000 2496 in
1013 2457 1044 2496 eo
1058 2439 1118 2498 inlra
1132 2458 1216 2516 quant·

144 2529 198 2586 dam
214 2547 330 2604 magnam
344 2547 439 2586 caram

182 2657 231 2718 94.
263 2644 344 2712 ltem,
371 2637 476 2717 quodd.
503 2636 576 2699 aliud
604 2636 815 2699 instrumentum
841 2635 973 2716 scriptum
991 2654 1073 2699 manu
1085 2636 1217 2698 lobannis

146 2734 263 2797 Nicoleti
276 2733 376 2796 notarii
387 2732 478 2814 publ,
492 2733 544 2795 sub
558 2751 632 2795 anno
651 2732 704 2795 Diri
720 2738 971 2808 M⁰CCC⁰XXXV⁰,
991 2732 1035 2794 die
1051 2745 1101 2794 xv²
1116 2733 1217 2796 mensis

145 2830 249 2912 aprilis,
272 2829 362 2912 sigillo
380 2829 491 2893 illustris
510 2829 562 2890 viri
583 2828 717 2892 audonei
739 2828 853 2909 junioris
873 2828 982 2891 comitis
1000 2829 1036 2892 de
1057 2827 1215 2910 Octingien,

146 2928 228 3009 legati
249 2926 280 2989 in
302 2926 355 2989 bac
376 2940 455 3008 parte
473 2941 501 2990 et
523 2926 652 2989 destinati
672 2945 722 3008 per
740 2925 943 2988 serenissimum
965 2925 1116 3006 principem
1139 2925 1216 2988 dom.

146 3024 319 3087 ludovicum
334 3031 521 3087 Romanorum
542 3025 748 3105 imperatorem,
768 3023 937 3104 impendenti
952 3042 1014 3086 cum
1039 3022 1086 3084 lilo
1101 3021 1174 3084 sirici
1191 3037 1219 3086 et

143 3121 223 3184 viridi
243 3141 309 3184 cera
330 3122 415 3184 rubea
441 3122 599 3203 sigillatum,
622 3121 767 3184 continens
786 3121 994 3184 concessionem
1019 3120 1119 3183 laetam
1139 3116 1218 3180 dom⁰

145 3219 303 3282 Humberto
327 3217 458 3298 dalphino
481 3219 629 3282 Viennensi
653 3238 703 3301 per
719 3219 823 3282 dictum
840 3220 916 3282 dom.
939 3219 1059 3300 legatum
1076 3217 1111 3278 de
1131 3235 1218 3298 regno

143 3315 249 3378 vienne
258 3327 288 3378 et
302 3314 620 3396 pertinenciisejusdem.
920 3376 924 3386 ,

184 3433 232 3494 95.
251 3420 333 3490 ltem,
344 3412 430 3494 quod.
442 3413 514 3475 aliud
525 3413 665 3494 publicum
675 3389 1030 3568 instrumentu'tpscriptum
1040 3427 1124 3471 manu
1135 3413 1220 3472 Pero-

142 3510 200 3574 neti
211 3509 320 3572 viviani
341 3522 369 3570 et
381 3523 522 3591 receptum
537 3530 619 3572 manu
637 3509 770 3591 Guigonis
784 3508 877 3570 Pellec
895 3506 927 3569 rii
942 3506 1112 3569 nummorum
1125 3505 1217 3587 publ,

143 3607 196 3669 sub
216 3625 291 3668 anno
313 3606 367 3668 uni
391 3613 591 3683 M⁰CCC⁰Xll⁰,
614 3606 710 3670 indict.
730 3619 771 3682 xe,
793 3605 838 3667 die
853 3602 1011 3666 trianensis
1025 3603 1119 3679 madii,
1133 3602 1221 3666 conti·

143 3703 261 3766 neusin
281 3701 381 3765 effectu
399 3704 474 3784 quod
488 3703 599 3767 illustris
610 3704 720 3768 domina
734 3704 811 3765 doma
830 3700 971 3778 Kateriua,
982 3700 1037 3763 lilia
1046 3701 1157 3764 illustris
1168 3701 1219 3763 viri
1258 3712 1264 3724 '

145 3799 225 3862 dom.
243 3798 388 3860 llumberti
399 3799 520 3881 dalphini
530 3801 704 3877 Viennensis,
714 3800 860 3863 attendens
872 3811 976 3861 certam
989 3800 1083 3861 dotem
1096 3798 1147 3861 sibi
1158 3781 1238 3862 fuis-⁸

143 3917 174 3960 se
185 3895 420 3977 promissamper
432 3896 507 3960 dom.
526 3899 678 3960 iohannem
695 3897 854 3978 dalphinum
868 3896 965 3960 illustri
981 3897 1041 3960 viro
1057 3897 1132 3958 dom.
1153 3895 1221 3957 Phi-

142 3994 222 4076 lippo
236 3992 273 4054 de
289 3993 436 4070 sabaudia,
449 3995 564 4076 principi
578 4002 703 4078 Aquaye,
713 3995 773 4077 ipsa
783 3994 871 4073 dedit,
884 3995 1009 4072 donavit,
1022 3995 1105 4058 cessit
1114 4007 1142 4056 et
1151 4013 1222 4057 con-

145 4089 232 4153 cessit
246 4088 335 4151 eidem
349 4089 425 4151 dom.
441 4091 557 4154 lobanni
571 4092 648 4154 fratri
666 4112 717 4155 suo
737 4111 819 4155 omne
835 4093 878 4170 jus
891 4112 1056 4175 omnemque
1070 4092 1218 4164 actionem,

144 4204 271 4271 partem,
286 4188 439 4268 portionem
455 4189 540 4271 quod,
564 4209 645 4272 quant
666 4210 714 4254 seu
730 4211 798 4272 quas
813 4189 934 4255 habebat
949 4191 976 4252 in
999 4189 1127 4252 omnibus
1141 4185 1222 4248 bonis
