2936 4898
573 477 730 538 -.,-

113 605 263 655 exerceam
275 593 343 654 inira
358 605 460 655 terram
471 611 554 674 quant
568 593 645 654 dom.
658 592 805 674 delphinus
818 591 902 654 habet
915 591 943 652 ln
957 609 1044 672 regno
1060 587 1187 667 orande,

110 689 161 750 nisi
175 689 318 752 dumtaxat
331 689 359 750 in
382 689 501 752 deffectu
518 689 637 769 iusticie,
652 689 712 769 jure
727 688 927 770 superioritatis
944 701 964 750 ¹.

149 787 200 864 63.
220 785 396 866 itemquod.
410 787 623 848 instrumentum
640 786 779 866 publicum
798 786 956 848 coniectum
975 803 1057 848 manu
1083 792 1187 850 Beren-

113 881 179 963 gatii
198 881 310 964 Rogcrii
336 883 436 946 notarii
460 883 551 965 publ,
566 883 617 946 sub
631 901 704 945 anno
727 883 842 945 Nativit.
864 883 943 946 Doni¹
957 889 1111 946 Mtcctxc
1126 891 1189 961 V10,

114 979 208 1042 indict.
226 999 277 1057 rx„
292 981 338 1042 die
353 999 385 1043 na
399 980 519 1044 intrante
543 999 639 1043 mense
653 980 732 1060 junii,
748 980 895 1043 continens
909 980 985 1061 quod
1015 980 1110 1058 Alisia,
1134 979 1190 1042 filia

116 1077 259 1138 Humbcrti
270 1076 405 1157 delphini,
422 1095 492 1140 uxor
503 1077 611 1140 comitis
635 1077 777 1153 Forensis,
802 1077 868 1140 iecit
895 1076 1071 1159 Dalphinatui
1085 1077 1192 1158 quicta-

115 1175 214 1236 tionem
230 1174 383 1254 plenariam
400 1174 436 1236 de
444 1174 572 1237 omnibus
583 1175 612 1237 in
626 1174 726 1256 quibus
738 1174 790 1236 sibi
804 1174 951 1238 tenebatur
962 1174 1109 1238 occasione
1118 1174 1192 1236 dotis

117 1293 174 1348 sue,
187 1285 216 1334 et
233 1285 276 1334 est
290 1291 348 1334 uno
361 1271 452 1353 sigillo
466 1272 613 1353 sigillatum
628 1273 656 1334 in
670 1272 813 1354 pendenti.

154 1369 398 1450 64.1tem‚quod.
416 1370 557 1451 publicum
570 1370 781 1434 instrumentum
799 1369 955 1432 coniectum
982 1389 1065 1432 manu
1082 1370 1190 1434 'tione

118 1468 150 1530 de
175 1467 333 1540 Romanali,
350 1469 402 1530 sub
433 1487 506 1530 anno
523 1468 824 1548 oom¹nt011⁶octuag⁰
840 1473 901 1542 lll0,
919 1465 982 1529 idus
1003 1466 1108 1549 aprilis,
1126 1485 1194 1530 con·

118 1567 203 1628 sinens
217 1565 295 1646 quod
310 1564 388 1641 dom,
404 1572 482 1628 Anna
505 1565 634 1646 delphina
651 1565 728 1627 dedit
755 1563 950 1654 Dalphinatutn
968 1583 1048 1627 suum
1073 1564 1192 1628 loltanni

120 1663 174 1741 ejus
188 1661 257 1723 lilio.
671 1699 676 1710 ·

157 1777 351 1853 SEQJNTUR
370 1775 618 1832 INSTRUMENTA
638 1773 816 1830 CONCESSA
836 1775 906 1831 PER
924 1775 1089 1832 DOMINAM
1108 1775 1153 1830 DE

323 1863 464 1919 ARLACO
483 1862 619 1918 DOMINO
637 1860 780 1918 NOSTRO
799 1862 989 1921 DALPlllNO.

155 1953 204 2030 65.
225 1959 306 2029 Item,
322 1949 463 2033 quoddam
477 1949 617 2032 pubiicum
634 1949 844 2018 instrumentum
867 1951 1000 2033 scriptum
1016 1965 1043 2014 et
1057 1951 1194 2033 signatum

120 2067 198 2111 manu
214 2056 301 2111 Fran.
319 2048 468 2110 Bormondi
484 2047 577 2109 Sancti
593 2045 762 2115 Theoliredi,
780 2047 987 2110 Ebredunensis
1007 2046 1137 2122 diocesis,
1167 2061 1196 2111 et

122 2145 305 2226 subscriptum
330 2165 413 2207 manu
443 2143 588 2205 Humberti
616 2143 697 2205 Pilati
724 2143 759 2205 de
783 2144 918 2218 Buxeria,
946 2143 998 2206 sub
1021 2161 1095 2205 anno
1116 2145 1195 2205 Dom¹

123 2247 381 2315 ld0CCC⁰XL11110,
412 2239 509 2302 indict.
540 2257 603 2314 run,
627 2239 671 2300 die
697 2257 741 2300 ιιι.
764 2239 866 2301 mensis
889 2241 996 2316 marcii,
1010 2239 1155 2321 continens
1167 2239 1195 2301 in

122 2338 218 2400 ellectu
227 2337 427 2419 quictationem
437 2337 537 2400 latram
548 2335 627 2398 dom⁰
638 2335 823 2418 ll(umberto)
835 2335 966 2417 dalphino
981 2337 1130 2400 Viennensi
1145 2355 1196 2419 per

122 2435 192 2496 dom.
212 2435 371 2496 Beatricem
384 2433 419 2495 de
434 2433 544 2502 llrlaco,
563 2432 598 2494 de
608 2431 683 2494 omni
694 2432 754 2511 jure
765 2432 841 2514 quod
849 2432 970 2495 habebat
984 2425 1013 2496 in
1028 2433 1194 2516 Dalphinatu

122 2542 149 2590 et
161 2544 202 2592 est
215 2529 366 2611 sigillatum
381 2529 411 2591 in
423 2528 555 2610 pendenti
567 2547 631 2590 cera
646 2527 734 2589 rubeo
750 2528 839 2610 sigillo
853 2528 938 2610 ipsius
953 2517 1076 2593 dom⁸'B.

158 2628 205 2690 66.
222 2635 305 2701 item,
322 2626 408 2706 quod.
433 2626 508 2688 aliud
522 2625 662 2707 publicum
690 2626 902 2688 instrumentum
933 2628 1089 2690 conlectum
1114 2646 1196 2690 manu

123 2723 254 2805 Guigonis
276 2723 448 2806 me(enti)
462 2723 562 2785 notarii
580 2722 658 2803 publ.
678 2735 706 2784 et
728 2723 913 2804 subscriptum
936 2743 1020 2787 manu
1051 2725 1196 2787 Humberti

123 2822 210 2899 Pilati,
224 2823 278 2886 sub
292 2842 367 2885 anno
390 2823 467 2884 Dum¹
496 2827 748 2896 succurretur,
767 2821 811 2883 die
828 2841 858 2882 x·
875 2823 1096 2914 utensisaprilis,
1124 2823 1199 2904 sigil-
1282 2857 1285 2863 -
1345 2837 1348 2846 ·

122 2917 203 2980 latum
211 2920 240 2980 in
250 2919 384 3000 pendenti
398 2919 488 3000 sigillo
500 2919 586 3000 ipsius
612 2917 723 2979 domine
740 2917 775 2980 de
795 2919 906 2995 driaco,
920 2920 1066 2982 continens
1092 2919 1197 3001 quicta-

122 3016 222 3078 tionem
244 3016 384 3098 quandam
399 3017 481 3079 aliam
494 3017 594 3078 lectam
608 3035 659 3096 per
675 3015 813 3092 eamdem,
830 3016 865 3078 de
879 3017 953 3079 omni
979 3017 1038 3095 jure
1053 3016 1127 3098 quod
1151 3016 1200 3077 ha-

123 3111 205 3175 bebat
212 3113 241 3174 in
257 3113 435 3192 Delphinatu,
447 3112 559 3174 domino
574 3112 733 3193 supradicto
746 3125 774 3174 et
786 3112 962 3175 traditionem
978 3112 1123 3191 cujusdam
1137 3111 1199 3173 ins-

122 3210 251 3272 trumenti
271 3209 439 3272 continentis
459 3208 655 3290 quictationem
679 3208 780 3270 iactam
801 3207 890 3270 eidem
913 3208 1025 3282 domino
1048 3227 1099 3289 per
1120 3208 1196 3270 dom.

122 3306 274 3368 lohannem
290 3306 326 3367 de
340 3305 482 3368 Cabulone
495 3306 554 3385 eius
566 3304 662 3366 filium.

161 3405 211 3480 67.
229 3411 308 3479 Item,
325 3402 411 3484 quod.
427 3400 500 3463 aliud
515 3403 725 3464 instrumentum
756 3401 882 3463 manibus
910 3399 1079 3461 notariorum
1103 3418 1200 3481 supra-

122 3497 190 3562 dict.
206 3500 339 3580 scriptum
354 3511 382 3560 et
395 3498 544 3579 signatum,
558 3517 632 3561 anno
648 3512 676 3562 ct
693 3499 737 3560 die
755 3517 788 3562 ac
800 3497 896 3560 indict.
922 3496 1022 3578 quibus
1036 3516 1069 3560 ac
1093 3498 1199 3560 tenoris

122 3608 150 3657 et
165 3595 338 3658 continentie
353 3595 452 3676 quibus
467 3615 561 3675 supra.
1013 3657 1015 3661 ,

160 3691 213 3755 68.
226 3699 304 3769 item,
323 3691 409 3773 quod.
422 3691 562 3772 publicum
576 3691 786 3752 instrumentum
802 3691 934 3771 scriptum
951 3704 980 3753 et
1008 3691 1146 3772 signatum
1170 3708 1201 3756 ut

121 3789 263 3872 legiturin
275 3789 375 3864 codem
397 3807 481 3850 manu
502 3795 585 3850 Fran.
609 3787 770 3863 Bermondi,
800 3787 1007 3850 Ebrcdunensis
1024 3789 1155 3866 diocesis,
1172 3803 1200 3852 et

122 3887 309 3968 subscriptum
318 3905 401 3947 manu
423 3884 568 3948 llumbcrti
582 3883 662 3946 Pilati
670 3884 782 3958 notarii,
795 3884 822 3944 in
833 3883 964 3964 pendenti
975 3885 1122 3966 sigillatum
1137 3905 1200 3949 cera
1245 3912 1247 3918 ¹

122 3984 212 4047 rubeo
229 3984 316 4066 sigille
330 3983 409 4045 dome
421 3980 583 4064 B(eatricis)
594 3981 629 4042 de
645 3980 751 4043 Vienna
761 3979 872 4042 domine
883 3979 917 4042 de
929 3973 1046 4056 Arlaco,
1056 3980 1201 4044 continens

163 4203 188 4241 ι.
205 4185 245 4238 lin
259 4201 337 4257 marga
351 4181 526 4258 perquiratur.
635 4193 637 4197 ’
