2842 4900
724 487 761 499 ..
784 469 842 532 244
861 487 901 499 ..-

274 606 357 668 ¹370·
378 587 443 650 Tria
457 585 639 650 instrumenta
653 585 681 648 in
698 583 796 648 eadem
810 585 884 666 petia
901 581 1074 665 pergameni,
1089 573 1238 666 tangencia
1250 581 1335 644 vendi-

266 684 371 748 tionem
391 685 493 747 factam
509 683 594 746 nobili
613 682 759 745 Guillelmo
780 681 893 770 domino
916 694 983 744 tunc
1000 682 1036 744 de
1065 681 1271 746 Montebrisone
1295 701 1335 744 seu

267 781 312 844 alii
339 802 390 863 pro
414 801 460 858 eo,
480 781 515 844 de
531 780 650 863 quadam
667 779 776 862 pareria
799 778 827 842 in
841 779 981 842 Valriaco.
998 815 1036 826 -
1054 799 1138 858 1371.
1158 786 1237 855 Item,
1261 778 1334 861 quod.
1402 859 1403 864 ἵ

265 882 477 945 instrumentum
508 898 592 961 super
616 877 748 961 eoquod
779 877 856 940 dom.
889 877 1051 941 Guillelmus
1075 878 1111 940 de
1142 877 1336 940 montebrisone
1402 865 1403 960 l

206 1061 207 1064 Ἴ
266 979 334 1044 dict.
348 979 483 1062 pareriam
505 991 534 1040 et
557 977 642 1060 qued.
668 977 720 1040 alia
742 975 882 1039 transtulit
902 973 1139 1059 in'magnilhcum
1153 976 1244 1038 virum
1269 973 1334 1036 dom.
1402 987 1403 1052 ζ

267 1077 422 1139 Guidonem
454 1075 599 1157 Delphini,
634 1073 751 1137 bononie
790 1073 985 1139 Montisalbani
1015 1073 1157 1137 dominum
1189 1073 1274 1137 felicis
1298 1092 1337 1134 re-
1402 1063 1403 1136 l

266 1175 446 1240 cordationis.
464 1209 504 1223 -
524 1192 609 1254 ¹372·
640 1181 674 1236 lt.
705 1173 918 1236 instrumentum
931 1173 1153 1236 convencionum
1171 1171 1244 1235 inter
1270 1171 1334 1233 dom.
1402 1155 1403 1232 l

265 1293 365 1356 papam
394 1284 422 1334 et
453 1271 529 1333 dom.
560 1284 686 1333 nostrum
715 1269 834 1350 predict.
869 1283 897 1332 et
924 1270 1017 1333 inclite
1044 1269 1245 1333 recordationis
1269 1270 1335 1331 dom.
1402 1237 1403 1332 l

266 1371 421 1451 Guigonem
440 1368 600 1450 dalphinum
617 1387 671 1430 nec
704 1387 761 1429 non
788 1381 817 1430 et
845 1367 969 1448 ejusdem
995 1369 1135 1432 recordat.
1163 1368 1239 1430 dom.
1267 1375 1337 1430 Hen-
1402 1391 1403 1408 ¹

265 1469 352 1531 ticum
385 1467 526 1548 Delphini,
558 1480 625 1529 tunc
643 1481 647 1490 ’
665 1463 862 1546 Dalphinatum
901 1478 1055 1547 regentem,
1096 1485 1180 1547 super
1217 1465 1337 1546 recogni-
1402 1481 1403 1544 l

265 1566 346 1630 cione
371 1565 518 1628 feudorum
541 1564 716 1646 antiquorum
746 1582 800 1644 que
819 1563 879 1644 ipse
891 1563 968 1626 dom.
990 1577 1086 1628 noster
1100 1563 1246 1646 dalphinus
1272 1575 1338 1627 tenet
1402 1579 1403 1624 t

267 1664 304 1726 ab
318 1663 435 1726 ecclesla
451 1669 586 1724 Romana.
602 1696 642 1708 -
662 1679 746 1740 ¹373·
766 1668 799 1722 lt.
815 1661 1028 1723 instrumentum
1038 1660 1189 1724 concordie
1201 1660 1338 1724 facteinter
1402 1711 1403 1748 3

268 1762 371 1825 dictum
385 1761 461 1823 dom.
474 1759 630 1822 Guidonem
641 1756 770 1840 Dalphini
780 1777 829 1820 seu
843 1757 902 1838 ejus
910 1757 1060 1840 bayllivum
1072 1771 1100 1821 et
1109 1757 1263 1840 Hospitale,
1272 1757 1337 1837 cujus
1402 1769 1403 1826 l

267 1860 371 1922 virtute
382 1873 504 1922 castrum
517 1858 553 1919 de
568 1856 691 1918 Grillone
710 1869 739 1918 et
754 1855 839 1937 qued.
859 1855 913 1917 alie
929 1854 1112 1917 leudateneci
1138 1869 1166 1918 et
1188 1851 1338 1936 recognosci
1402 1883 1403 1918 1

269 1955 372 2018 debent
386 1975 438 2036 pro
453 1954 531 2016 dom⁰
544 1965 641 2015 nostro
656 1951 794 2034 predicto.
810 1988 851 2000 -
877 1971 961 2032 1374·
982 1959 1015 2014 lt.
1040 1967 1155 2034 septem·
1170 1953 1338 2015 instrumenta
1402 1963 1403 1990 ³

266 2051 414 2133 tangencia
437 2051 540 2114 lactum
564 2050 599 2112 de
615 2056 797 2133 Novaysano.
813 2083 851 2094 —
870 2067 954 2130 1375.
973 2056 1007 2111 lt.
1031 2049 1124 2132 aliqua
1141 2050 1244 2131 scripta
1257 2050 1282 2112 in
1294 2068 1338 2130 pa·
1402 2055 1403 2060 ’

266 2147 328 2229 piro
344 2148 494 2231 tangencia
519 2147 693 2230 questionem
708 2167 763 2230 que
778 2147 941 2224 vertebatur
951 2147 980 2208 in
994 2147 1071 2210 curia
1084 2155 1209 2210 Romana
1223 2149 1291 2212 inter
1302 2145 1338 2210 ol·
1402 2181 1403 2228 p

266 2244 370 2309 hciales
394 2246 467 2308 dom¹
490 2245 577 2309 nostri
605 2245 728 2327 delphini
748 2259 776 2308 et
796 2245 928 2308 officiales
952 2246 1028 2308 curie
1051 2247 1247 2330 venpyssini)
1268 2263 1340 2328 super

245 2335 246 2338 '
267 2344 398 2425 quibusd.
412 2343 513 2406 feudis.
527 2379 566 2390 —
587 2343 673 2422 1376.
692 2350 725 2407 lt.
745 2363 794 2406 sex
809 2356 947 2425 pattentes
962 2344 1182 2409 litterasadom⁰
1198 2345 1337 2410 camerario
1402 2339 1403 2386 ἕ

267 2440 342 2502 dom¹
355 2461 427 2522 pape
444 2455 597 2517 emanatas,
621 2461 706 2522 super
719 2441 903 2504 solutionibus
919 2462 970 2523 pro
985 2442 1110 2526 pluribus
1130 2443 1210 2506 annis
1226 2443 1299 2506 lactis
1310 2441 1338 2502 de
1402 2449 1403 2540 q

267 2538 390 2601 servicio·
400 2538 495 2602 debito
512 2547 638 2602 Romane
657 2539 733 2602 curie
758 2559 810 2620 pro
828 2539 925 2602 castris
948 2540 983 2603 de
998 2540 1136 2617 Nihoniis‚
1158 2541 1299 2605 Mirabello
1316 2549 1339 2602 et
1402 2547 1403 2604 l

267 2636 451 2699 Vinczobriis.
469 2671 509 2684 -
528 2657 613 2715 1377·
640 2644 674 2700 lt.
698 2637 746 2719 qd.
770 2637 983 2701 instrumentum
1002 2658 1087 2720 super
1105 2625 1298 2720 recognicione
1317 2650 1340 2698 et

266 2735 396 2816 homagio
424 2735 504 2797 factis
525 2735 563 2797 ill¹
579 2735 696 2816 principi
719 2736 796 2798 dom⁰
810 2735 928 2798 Johanni
958 2735 1089 2817 dalphino
1113 2735 1264 2800 Viennensi
1283 2733 1338 2798 incl.
1402 2745 1403 2784 l

267 2833 378 2895 record.
396 2852 448 2914 per
462 2833 552 2894 virum
567 2833 754 2915 magnifhcum
773 2833 849 2896 dom.
867 2833 1023 2896 Guidonem
1040 2833 1169 2914 Dalphini
1181 2833 1296 2916 predict.
1310 2829 1340 2890 de

265 2935 413 3008 terrama,
433 2944 461 2992 et
471 2950 554 3012 super
564 2930 690 2994 cessione
707 2931 820 3014 qua<m)
832 2931 898 2994 fecit
922 2932 973 3014 ipsi
990 2932 1067 2993 dom.
1091 2931 1225 3013 dalphino
1242 2928 1340 3008 dejure
1402 2993 1403 3014 p

265 3029 341 3110 quod
357 3028 478 3091 habebat
491 3029 520 3090 in
537 3027 714 3114 Dalphinatu,
726 3042 754 3091 et
768 3047 852 3110 super
866 3028 1017 3092 donatione
1034 3049 1116 3116 quam
1130 3029 1196 3092 lecit
1208 3028 1260 3112 ipsi
1272 3025 1342 3088 domi

265 3126 396 3207 dalphino
411 3126 449 3188 de
461 3139 536 3188 terra
550 3138 578 3188 et
594 3126 675 3187 bonis
691 3126 747 3188 suis
763 3126 904 3204 omnibus,
921 3128 944 3189 si
968 3126 1118 3190 decederet
1132 3127 1240 3210 absque
1258 3121 1341 3189 liberis

264 3222 394 3285 masculis
408 3242 482 3284 asuo
496 3241 615 3304 corpore
630 3221 753 3304 legitime
764 3223 929 3305 procreatis.
944 3258 984 3272 -
1004 3224 1088 3303 1378.
1107 3231 1140 3287 lt.
1153 3222 1340 3302 transcriptum
1402 3265 1403 3302 q

263 3320 292 3382 in
304 3320 417 3402 publica
432 3321 520 3382 forma
532 3321 749 3410 conventionum
760 3321 895 3384 lectarum
903 3321 975 3384 inter
981 3321 1058 3383 dom.
1071 3317 1339 3403 dalphinumetdom.
1402 3309 1403 3388 l

263 3417 416 3500 principem
425 3418 642 3501 hur(ayce).-
657 3437 740 3501 1379.
754 3426 786 3481 lt.
797 3419 884 3501 quod.
895 3418 1108 3482 instrumentum
1120 3419 1226 3482 faciens
1237 3416 1342 3480 mentio
1402 3403 1403 3442 l

262 3534 326 3578 nem
337 3516 373 3578 de
383 3516 524 3579 erectione
536 3516 675 3579 lurcorum
689 3517 718 3578 in
732 3516 872 3579 territorio
885 3517 921 3580 de
933 3523 1061 3597 Boqueto
1071 3516 1127 3600 (et)
1138 3517 1173 3580 de
1186 3523 1290 3602 Frayse
1299 3529 1342 3595 per

263 3611 414 3676 domtunc
426 3613 577 3696 bayllivum
587 3613 702 3676 ba'ronie
718 3614 820 3676 Montis
835 3615 943 3677 Albani.
958 3651 998 3663 —
1027 3615 1111 3694 1380.
1136 3621 1168 3676 lt.
1185 3614 1234 3696 qd.
1246 3615 1342 3675 instru-

262 3722 385 3773 mentum
400 3730 484 3790 super
499 3711 690 3792 recognitione
704 3711 777 3774 facta
792 3711 866 3774 dicto
888 3712 964 3775 dom.
980 3710 1102 3794 bayllivo
1124 3731 1174 3792 per
1201 3719 1341 3792 Hugonen
1361 3743 1363 3746 ·

264 3809 366 3871 Raterii
392 3807 427 3870 de
440 3809 526 3888 quod.
552 3813 632 3890 prato
650 3809 724 3891 quod
751 3808 873 3884 habebat
899 3810 931 3871 in
953 3810 1094 3872 territorio
1113 3808 1149 3871 de
1164 3809 1290 3891 Fraysio.
1308 3837 1340 3850 -
1402 3811 1403 3866 l

267 3906 352 3980 1381.
371 3911 404 3967 lt.
422 3905 458 3986 qd
464 3905 611 3969 .instrum¹¹¹
625 3907 728 3969 iaciens
743 3906 862 3988 aliquam
874 3907 1047 3970 mencionem
1059 3906 1095 3969 de
1107 3906 1181 3969 lacto
1196 3905 1234 3968 de
1247 3905 1342 3968 Blaco·
1402 3887 1403 3970 l

261 4023 303 4079 sa,
315 4002 484 4084 licetparum
500 4003 544 4065 sit.
559 4039 600 4050 -
619 4005 704 4083 1382.
723 4010 756 4066 lt.
772 4005 970 4086 transcriptum
985 4005 1012 4066 in
1027 4004 1138 4086 publice
1153 4003 1243 4064 forma
1264 3998 1342 4084 privi·

260 4097 324 4180 legii
341 4099 489 4182 imperialis
505 4100 556 4162 sub
570 4101 645 4164 bulla
664 4121 748 4165 aurea
757 4103 882 4164 concessi
896 4102 1010 4166 domino
1024 4115 1091 4164 tunc
1106 4100 1282 4164 Medullionis
1295 4115 1342 4180 pro
1402 4095 1403 4188 l

260 4216 291 4258 se
305 4210 333 4259 et
350 4197 559 4261 successoribus
577 4199 643 4262 suis.
1402 4207 1403 4272 l
