2842 4900
708 463 749 480 a·-
770 447 829 512 ²54
848 465 888 478 .-

256 572 370 626 corator
380 559 480 624 missus
493 579 543 642 per
557 560 635 623 dom.
653 561 820 626 Rossilinum
839 561 946 626 lunelli
961 575 990 626 et
1011 563 1114 628 Hontis
1130 562 1228 628 Albani
1245 562 1330 628 domi·

255 677 333 736 num,
359 659 407 740 qui
435 653 574 740 precibus'
591 671 620 722 et
643 657 681 722 ob
707 659 898 724 renuendam
918 672 947 724 et
979 673 1149 742 potestatem
1171 660 1235 724 dicti
1259 660 1330 724 dom.

257 755 394 820 Russelini
416 756 506 819 dictos
529 755 682 822 amedeum
699 769 727 820 et
750 763 864 822 Petrum
892 776 1068 824 cumeorum
1089 758 1213 826 exercitu
1236 756 1332 822 retrahi

255 850 332 929 lecit,
355 866 384 914 et
408 851 475 934 ipsis
496 852 624 916 retractis
643 853 721 916 venit
738 853 774 915 ad
789 854 907 934 predict.
931 869 1053 918 castrum
1070 869 1100 926 et
1114 855 1208 922 villaro
1223 854 1270 920 Dei
1281 874 1333 936 que

255 949 366 1013 fuerunt
379 948 470 1012 eidem
484 962 600 1032 apperte
622 967 673 1032 per
697 963 831 1028 astantes,
850 964 877 1014 et
890 951 940 1014 fuit
951 952 1021 1016 dict.
1034 966 1157 1018 castrum
1171 953 1287 1035 positum
1307 951 1333 1016 in

254 1065 338 1109 manu
353 1045 420 1109 dicti
430 1046 618 1129 procuratoris
629 1060 657 1110 et
671 1047 809 1110 redditum
822 1067 875 1130 pro
889 1047 965 1112 bono
979 1049 1104 1116 dominnm
1115 1069 1166 1132 per
1181 1047 1333 1130 relip‘osum

255 1143 346 1208 virum
356 1143 433 1209 dom.
451 1151 624 1227 Rostagnum
638 1144 675 1208 de
686 1143 823 1222 sabrano,
836 1160 1032 1228 preceptorem
1048 1146 1114 1210 dicti
1129 1144 1218 1218 castri,
1229 1159 1258 1210 et
1273 1144 1335 1206 ville

258 1242 320 1319 Dei,
341 1255 370 1306 et
392 1263 443 1324 per
459 1243 532 1306 dnos
555 1244 655 1307 fratres
677 1242 857 1326 Reyneriurn,
878 1257 1071 1326 preceptorem
1087 1243 1211 1308 Varriaci
1225 1256 1254 1306 et
1270 1240 1335 1304 aelli
1412 1293 1413 1300 ,

256 1339 336 1416 Loci,
349 1352 378 1404 et
389 1340 568 1404 lambertum
579 1340 615 1404 de
630 1339 767 1415 Montilio,
776 1340 1158 1431 Pelestortum,Guillelmum
1172 1338 1335 1424 Rapmundi,
1412 1367 1413 1372 κ

256 1436 357 1502 milites
371 1439 511 1518 etiratres
530 1438 683 1522 Hospitalis
698 1437 792 1502 Sancti
804 1439 938 1502 lobannis
953 1439 1137 1516 iherusalem,
1154 1453 1183 1502 et
1197 1458 1247 1520 per
1258 1455 1337 1518 quos·

257 1535 322 1598 dam
336 1536 405 1600 alios
421 1537 522 1600 iratres
533 1549 562 1600 et
576 1537 695 1602 donatos
709 1537 775 1600 dicti
789 1538 950 1620 Hospitalis,
967 1539 1015 1620 qui
1029 1555 1084 1602 una
1098 1557 1162 1602 cum
1177 1535 1336 1620 quibusdam

255 1633 318 1698 aliis
330 1649 410 1699 erant
425 1635 454 1698 in
470 1635 623 1699 munitione
637 1635 704 1698 dicti
727 1636 823 1712 castri,
842 1635 917 1699 dicto
932 1636 1109 1718 procuratori
1123 1634 1267 1717 recipienti
1290 1651 1338 1696 no-

255 1731 330 1795 mine
343 1732 409 1796 dicti
423 1732 528 1796 domini
545 1733 648 1796 Montis
657 1732 772 1811 Albani;
794 1733 896 1796 deinde
911 1733 1002 1796 dictus
1016 1733 1093 1796 dom.
1109 1745 1260 1816 preceptor
1271 1731 1337 1794 Ville

258 1830 321 1908 Dei,
332 1830 369 1894 de
383 1831 511 1908 consilio,
533 1831 676 1895 voluntate
691 1843 720 1892 et
735 1849 851 1894 assensu
865 1829 985 1911 predict.
1001 1831 1116 1896 nauum
1130 1845 1159 1896 et
1173 1831 1338 1894 donatorum

255 1925 322 1990 dicti
334 1928 497 2009 Hospitalis,
511 1929 563 1990 iuit
577 1939 721 2010 receptum
735 1941 763 1990 et
777 1927 951 2008 recognitum
965 1929 1054 1992 teneri
1069 1942 1098 1994 et
1120 1947 1183 1994 esse
1206 1928 1244 1992 de
1257 1926 1337 1992 leudo

255 2024 320 2088 etin
334 2025 448 2088 seudum
465 2025 532 2090 dicti
543 2026 620 2096 dom,
645 2023 774 2088 Hossilini
790 2043 854 2100 cum
867 2025 926 2105 ejus
942 2025 1083 2090 territorio
1103 2040 1132 2090 et
1145 2026 1337 2090 mandamento

255 2141 305 2203 per
319 2121 423 2187 dictum
439 2124 515 2186 dom.
529 2136 752 2205 procuratorem,
765 2136 794 2186 et
802 2123 830 2186 in
843 2123 953 2204 signum
967 2123 1034 2187 dicti
1046 2123 1122 2187 leudi
1130 2137 1159 2189 et
1170 2123 1284 2204 majoris
1291 2122 1337 2184 do-

255 2219 332 2283 minii
345 2221 436 2284 dictus
450 2234 599 2302 preceptor
611 2220 699 2291 voluit
708 2220 786 2300 quod
799 2221 929 2284 vexillum
941 2220 1007 2284 dicti
1017 2220 1094 2284 doro.
1114 2221 1244 2287 Rossilini
1257 2239 1338 2301 pone-

133 2327 138 2338 '
254 2331 331 2382 retur
345 2339 430 2400 supra
448 2319 515 2382 dict.
535 2331 667 2395 castrum,
685 2332 713 2382 et
727 2319 855 2400 promisit
869 2318 943 2400 idem
956 2333 1105 2402 preceptor
1111 2319 1238 2402 predicta
1250 2318 1337 2388 urere

256 2415 413 2480 confirmari
429 2437 479 2497 per
489 2429 683 2498 preceptorem
692 2416 786 2479 Sancti
797 2417 897 2498 Egidii.
1413 2485 1414 2500 ,

300 2531 386 2594 1445.
409 2519 490 2590 Item,
516 2513 602 2595 qood.
624 2513 661 2576 al.
689 2513 766 2594 publ.
783 2513 997 2578 instrumentum
1012 2529 1154 2598 receptum
1170 2533 1255 2580 manu
1270 2521 1338 2578 Ber·
1413 2511 1414 2558 ἶ

254 2609 346 2670 trandi
372 2609 491 2672 stardi
518 2609 618 2673 notarii
647 2609 724 2690 publ.
753 2610 872 2673 condam
898 2611 933 2674 de
949 2612 1087 2690 Niboniis,
1102 2613 1155 2676 sub
1184 2631 1259 2676 anno
1288 2611 1338 2676 Diri

256 2711 483 2782 M⁰cc⁰xc⁰vl⁰,
499 2725 556 2768 xxu
568 2706 612 2769 die
622 2707 726 2770 mensis
739 2707 874 2784 octobris,
890 2722 919 2772 et
934 2708 963 2771 in
976 2710 1093 2773 formam
1106 2708 1184 2791 publ.
1196 2709 1338 2772 redactum
1398 2763 1407 2782 ,

255 2821 338 2864 manu
351 2802 491 2865 vincensii
515 2802 597 2865 Fabri
620 2803 698 2884 publ.
721 2804 834 2881 notarii,
849 2805 995 2869 continens
1009 2805 1037 2869 in
1051 2807 1151 2870 effectu
1166 2805 1241 2887 quod
1258 2805 1340 2868 frater

255 2898 347 2982 Guigo
362 2899 523 2962 Adhemarii
542 2899 633 2963 dictus
653 2901 689 2963 de
709 2902 859 2980 -Tomello,
885 2903 1034 2968 domorum
1063 2903 1163 2968 milicie
1189 2901 1340 2984 Templiin

258 2996 401 3078 provincia
420 2997 568 3061 Provincie
593 2997 737 3080 magister,
762 3000 878 3063 veniens
892 3001 928 3063 ad
942 3001 1115 3082 presenciam
1125 3001 1199 3064 dom¹
1216 2999 1341 3083 Hugonis

254 3095 412 3158 Adhemarii
430 3095 533 3169 militis,
547 3095 694 3160 Liberonis
709 3109 737 3160 et
747 3097 927 3160 baroniarum
944 3101 1047 3163 Montis
1059 3097 1157 3160 Albani
1164 3097 1283 3174 domini,
1295 3117 1340 3160 re·

254 3192 388 3275 cognovit
401 3213 431 3256 se
447 3207 477 3256 et
493 3192 595 3258 dietam
612 3193 742 3256 miliciam
758 3195 867 3277 Templi
880 3207 977 3258 tenere
996 3195 1032 3258 ab
1048 3195 1148 3258 eodem
1171 3193 1248 3258 dom.
1266 3201 1340 3274 Hug.

255 3303 285 3353 ut
299 3290 403 3370 herede
417 3291 568 3356 universali
581 3291 610 3354 in
624 3291 692 3355 dict.
709 3293 832 3356 baroniis
847 3293 920 3356 dom¹
934 3293 1076 3356 Ronselini
1092 3291 1198 3356 Lunelli
1215 3305 1244 3355 et
1258 3292 1341 3355 baro-

254 3387 362 3450 niarum
387 3388 602 3453 montisalbani
619 3389 724 3452 domini
739 3403 768 3454 et
783 3404 814 3453 ut
827 3391 941 3454 domino
954 3391 1022 3456 dict.
1039 3390 1228 3466 baroniarum,
1243 3390 1274 3452 in
1285 3391 1340 3452 feu·

255 3485 322 3548 dum
330 3486 468 3562 francum,
482 3485 587 3562 nobile,
599 3487 765 3550 honoratum
774 3501 802 3550 et
812 3489 935 3571 antiqum
945 3501 1034 3551 totum
1046 3502 1168 3551 castrum
1178 3488 1216 3550 de
1228 3488 1340 3551 Grilone

255 3582 440 3648 Tricatrensis
456 3583 586 3662 diocesis,
602 3604 666 3648 cum
677 3585 784 3665 juribus
799 3599 827 3650 et
841 3586 1020 3667 pertinenciis
1033 3586 1101 3662 suis,
1120 3604 1197 3648 mero
1211 3599 1240 3648 et
1256 3584 1339 3648 mixto

254 3679 371 3762 imperio
382 3695 410 3744 et
422 3679 599 3761 juridictione
612 3683 784 3761 omnimoda,
801 3684 874 3760 sicut
890 3684 1064 3766 protenditur
1072 3683 1157 3746 videl.
1170 3704 1186 3746 a
1200 3682 1340 3748 territorio

254 3780 338 3858 castri
352 3781 388 3844 de
403 3782 577 3860 Coroncellis
587 3797 615 3846 et
625 3803 687 3846 curn
698 3783 840 3846 territorio
854 3783 937 3846 castri
948 3784 983 3846 de
998 3783 1158 3865 Graignano
1173 3797 1275 3846 etcum
1286 3796 1340 3846 ter·

254 3877 447 3952 ritoriocastri
465 3879 500 3942 de
518 3880 668 3959 Verriaco;
686 3880 796 3961 dequo
815 3880 927 3962 quidem
950 3880 1035 3944 feudo
1052 3880 1143 3943 dictus
1161 3880 1240 3945 dom.
1259 3888 1339 3962 Hugo

255 3973 323 4038 dict.
352 3975 513 4057 magistrum
535 3977 648 4041 retinuit
660 3991 688 4040 et
701 3977 855 4055 investivit,
879 3977 983 4040 etdict.
1008 3977 1141 4058 magister
1163 3977 1239 4042 dicto
1262 3977 1336 4040 dom.

257 4079 331 4155 Hug.
346 4086 478 4156 tanquam
503 4074 617 4150 domino
632 4075 701 4140 dict.
715 4075 895 4140 baroniarum
906 4076 972 4140 fecit
993 4074 1152 4158 homagium
1164 4089 1193 4138 et
1209 4073 1340 4155 recogni-

255 4189 374 4234 cuonem.
