2936 4898
256 550 324 604 Joco
344 542 443 604 notarii
455 542 533 624 publ.
549 542 712 622 signatoque
727 541 807 622 signo
821 540 925 604 alberti
935 541 970 604 de
982 539 1091 623 Breyda
1103 553 1164 602 not.
1180 540 1260 621 pub„
1275 542 1326 602 sub

258 657 330 700 anno
343 645 450 700 incarn.
475 643 691 699 m⁰ccc⁰x1111⁰
708 650 736 699 et
751 650 800 698 nva
814 636 858 698 die
872 636 974 700 mensis
998 637 1066 716 julii,
1091 635 1235 698 continens
1251 638 1326 718 quod

257 735 335 798 dom.
347 735 437 797 Guido
449 721 588 814 Dalphini,
603 733 731 795 dominus
742 733 843 794 Montis
850 733 958 806 Albani,
971 732 1113 794 confessus
1127 731 1177 794 fuit
1191 751 1223 792 se
1230 744 1326 793 tenere

258 851 274 892 a
287 831 366 894 dom⁰
379 831 504 892 iohanne
519 828 648 909 delphino
662 829 747 890 fratre
763 847 814 889 suo
828 841 919 890 castra
933 827 1070 904 vairhei,
1087 827 1122 888 de
1137 825 1269 901 avisano,
1293 827 1329 888 de

260 927 387 1010 Nyoniis‚
397 927 432 989 de
449 934 543 988 Monte
555 925 672 1002 Albano,
691 927 726 988 de
744 925 891 1000 Miribeilo,
907 925 942 987 de
954 931 1052 988 Castro
1074 927 1167 1000 Novo,
1181 924 1216 986 de
1233 924 1329 984 Chau-

189 1019 197 1032 “
258 1022 350 1096 viaco,
367 1021 401 1082 de
418 1029 607 1104 Venteyrono‚
628 1022 663 1088 de
676 1028 782 1084 Aurana
800 1036 820 1099 ¹,
839 1023 874 1084 de
889 1029 989 1084 Sancta
1016 1021 1149 1096 Euiemia,
1179 1021 1214 1082 de
1239 1021 1331 1081 Pedio

260 1117 397 1196 Guigone,
416 1117 451 1180 de
460 1118 617 1198 Antipatro,
627 1118 662 1180 de
678 1119 861 1192 Pisanczano,
874 1118 908 1179 de
920 1125 1022 1180 Sancto
1036 1117 1165 1192 Nazario,
1176 1117 1211 1178 de
1225 1123 1330 1179 Sancto

262 1213 431 1288 Heulaterio,
448 1215 484 1276 de
493 1213 601 1277 bastida
613 1214 648 1276 de
664 1214 816 1291 Rorhiiort,
833 1214 868 1276 de
883 1213 1036 1276 Vinsobriis
1050 1227 1080 1276 et
1098 1213 1133 1274 de
1150 1213 1284 1286 Grillone‚
1303 1226 1332 1274 et

259 1312 312 1376 sub
339 1311 469 1391 homagio
496 1310 581 1392 ligi03
605 1311 751 1376 oonnnens
764 1311 845 1372 etiam
866 1311 940 1391 quod
964 1310 1036 1371 idem
1055 1310 1130 1372 dom.
1148 1310 1238 1372 Guido
1254 1308 1333 1372 dedit

260 1407 350 1470 eidem
362 1407 438 1470 dom.
457 1406 587 1486 delphino
603 1426 685 1469 omne
706 1407 748 1486 jus
764 1407 839 1488 quod
859 1407 979 1469 habebat
993 1407 1093 1469 intuto
1117 1407 1282 1486 Dalphinatu
1305 1419 1333 1468 et

260 1502 370 1566 interra
385 1503 480 1566 Turris
497 1516 525 1566 et
534 1503 608 1583 apud
625 1511 747 1566 Montem
763 1504 916 1579 Reveilum,
932 1517 960 1565 et
973 1503 1054 1564 etiam
1067 1503 1143 1564 dedit
1152 1503 1226 1565 dicto
1250 1503 1328 1564 dom.

261 1600 391 1682 delphino
405 1601 498 1663 omnia
514 1600 587 1664 bona
607 1620 659 1662 sua
683 1600 705 1662 si
729 1601 875 1663 moriretur
889 1600 948 1662 sine
972 1599 1065 1661 liberis
1090 1601 1228 1677 masculis,
1247 1613 1332 1682 prout

261 1695 384 1777 predicta
396 1695 476 1758 latius
489 1697 665 1758 continentur
678 1697 705 1757 in
721 1697 780 1777 ipso
791 1697 984 1758 instrumento.

298 1792 364 1872 269.
383 1799 463 1868 Item,
481 1792 613 1872 quod.ai.
630 1793 839 1854 instrumentum
850 1792 893 1874 (ut
911 1791 993 1874 259),
1007 1792 1051 1853 die
1060 1805 1111 1853 rrua
1120 1811 1208 1853 mens.
1220 1791 1331 1868 marcii,

260 1889 404 1952 continens
420 1888 577 1970 homagium
599 1888 692 1969 ligium
714 1889 858 1969 prestitum
874 1909 924 1969 per
940 1889 1016 1952 dom.
1033 1889 1191 1951 nmaudum
1206 1888 1242 1949 de
1260 1895 1335 1950 Yse-

261 2003 324 2051 rant
339 1989 451 2051 militem
468 1988 545 2049 dom⁰
560 1986 701 2067 dalphino,
723 2000 751 2048 et
762 1986 985 2066 recognitionem
999 2005 1049 2066 per
1064 2006 1126 2048 eum
1140 1987 1241 2047 factam
1258 1986 1334 2047 dicto

262 2085 374 2147 domino
391 2085 426 2146 de
454 2083 573 2166 quadam
597 2084 681 2146 domo
706 2103 755 2146 sua
776 2098 803 2146 et
816 2084 851 2146 de
864 2084 991 2146 omnibus
1005 2104 1059 2166 que
1075 2085 1159 2146 habet
1171 2085 1199 2144 in
1214 2083 1334 2146 manda-

262 2194 355 2243 mento
375 2179 498 2262 Payrini.

303 2295 370 2354 270.
389 2284 467 2350 Item,
482 2275 568 2356 quod.
585 2276 621 2339 al.
635 2276 845 2338 instrumentum
862 2276 905 2356 (ut
918 2276 1001 2358 263),
1014 2275 1159 2338 continens
1171 2275 1333 2355 homagium

262 2374 405 2456 prestitum
420 2393 470 2452 per
485 2372 604 2435 nobilem
621 2373 796 2435 Guillelmum
826 2373 965 2435 Aib'erioni
980 2372 1056 2435 dom⁰
1079 2372 1209 2454 delphino
1228 2386 1258 2436 et
1270 2386 1331 2434 ter-

263 2469 366 2530 minum
378 2468 421 2548 (ut
435 2469 485 2550 ibt)
493 2481 517 2530 ².

304 2582 371 2641 271.
388 2571 466 2639 ltem,
483 2565 568 2644 quod.
584 2565 621 2626 al.
636 2566 845 2628 instrumentum
864 2566 906 2646 (ut
924 2566 1007 2644 263),
1017 2565 1164 2628 eontinens
1173 2565 1334 2647 homagium
1371 2579 1373 2584 ’

263 2660 406 2742 prestitum
423 2680 472 2740 per
486 2668 632 2742 Hugonem
648 2661 791 2744 Raynaudi
806 2662 841 2724 de
852 2662 973 2724 Cabeoio
987 2662 1065 2730 dom⁰
1079 2662 1208 2744 delphino
1234 2677 1263 2725 et
1275 2677 1337 2726 ter-

263 2757 366 2818 minum
381 2756 424 2836 <ut
437 2755 498 2836 ib).
667 2817 672 2823 ,

305 2871 372 2930 272.
387 2860 465 2930 item,
485 2853 570 2933 quod.
587 2854 623 2914 al.
634 2853 845 2918 instrumentum
862 2857 904 2936 (ut
920 2855 1005 2937 263),
1015 2857 1159 2918 continens
1175 2857 1334 2938 homagium

262 2950 405 3031 prestitum
419 2969 468 3030 per
480 2950 640 3012 Durandum
654 2952 768 3034 Vinayci
781 2951 872 3015 Sancti
884 2952 1015 3014 iohannis
1030 2953 1065 3014 de
1079 2961 1240 3016 nuteveone
1256 2955 1335 3016 dom⁰

263 3047 393 3127 dalphino
403 3060 431 3108 et
442 3046 588 3108 terminum
604 3046 646 3128 (ut
662 3047 711 3128 ibt)
728 3062 749 3110 3.

303 3161 370 3222 273.
388 3151 465 3219 item,
482 3143 567 3224 quod.
583 3143 619 3207 ai.
635 3144 845 3207 instrumentum
865 3146 907 3226 (ut
918 3146 1002 3228 263),
1016 3147 1162 3209 continens
1174 3147 1335 3228 homagium

263 3240 355 3321 ligium
371 3241 513 3322 prestitum
530 3261 580 3321 per
595 3249 803 3322 Rostagnonum
824 3242 909 3304 Girini
928 3243 964 3304 de
982 3249 1074 3305 Sonna
1098 3243 1175 3306 dom⁰
1202 3242 1335 3324 delphino

264 3338 449 3401 straminum
462 3339 504 3420 (ut
519 3338 569 3420 iba)
582 3351 606 3400 4.

303 3453 371 3513 ²74·
396 3443 474 3510 item,
490 3435 575 3516 qued.
590 3435 678 3498 littera
693 3423 781 3514 sigillo
807 3435 880 3496 dom¹
901 3436 1035 3516 Guigonis
1051 3437 1087 3500 de
1104 3444 1235 3501 Tumone
1255 3438 1336 3520 sigil-

262 3531 328 3606 lata,
343 3532 486 3594 continens
500 3531 575 3612 quod
592 3530 670 3591 doma
687 3531 777 3606 Flora,
789 3550 859 3596 uxor
873 3533 990 3596 condam
1002 3534 1075 3598 dom¹
1085 3533 1229 3615 Assayllini
1241 3537 1336 3600 Barba

264 3627 298 3688 de
313 3634 448 3709 Eyserant
461 3627 564 3703 militis,
578 3626 703 3692 vendidit
715 3627 791 3690 dome
804 3630 922 3694 Beatrici
932 3630 1216 3710 dalphineviennensi
1225 3632 1337 3696 Johan-
1457 3619 1458 3664 1

262 3743 325 3786 nem
340 3724 375 3788 de
389 3730 489 3786 Baetre
503 3725 602 3803 eteius
615 3724 716 3786 liberos
731 3727 882 3788 cumomni
894 3727 955 3805 jure
966 3741 994 3790 et
1006 3727 1127 3790 dominio
1141 3719 1318 3792 eorumdem.
1457 3715 1458 3743 ¹

304 3837 371 3900 275·
393 3827 470 3896 item,
487 3820 571 3902 qued.
590 3821 684 3884 lictere
701 3821 802 3902 scripte
828 3824 879 3888 sub
894 3844 966 3887 anno
983 3825 1036 3888 Diri
1052 3833 1150 3888 M⁰CC⁰
1163 3825 1281 3910 obtuag⁰
1298 3837 1333 3907 1⁰,

304 4065 325 4101 ι.
345 4045 383 4100 En
398 4065 431 4102 m.
447 4049 468 4100 A
483 4047 535 4126 N.⁰.³
550 4045 581 4103 ibi
596 4048 626 4104 de
641 4049 754 4107 Autaria.
772 4081 804 4092 -
826 4067 850 4106 2.
870 4052 908 4106 En
926 4070 958 4106 m.
979 4054 1013 4108 Aa
1031 4039 1115 4111 S'antt.
1136 4005 1229 4112 Nazair.
1251 4080 1285 4098 ⁴-
1307 4076 1331 4129 3.

262 4115 301 4170 En
320 4134 351 4174 ur.
368 4118 403 4171 Aa
417 4118 551 4190 Payruor).
568 4149 600 4160 -
615 4139 642 4189 4.
656 4121 694 4176 Eo
708 4139 742 4178 m.
758 4123 792 4179 Aa
807 4122 934 4194 Rostagni
946 4124 978 4182 G.
