2844 4900
678 383 836 444 ..88-

262 531 330 592 44¹·
351 520 430 589 Item,
447 507 533 593 quod.
554 511 765 575 instrumentum
788 511 865 592 publ.
888 511 1019 591 scriptum
1044 527 1126 570 manu
1153 506 1296 569 Francisci

221 609 256 670 de
274 609 432 687 Montejoco
446 608 516 670 civis
529 608 626 688 Papie,
642 608 804 671 habitatoris
817 607 940 684 hvisani,
949 607 1000 669 sub
1014 605 1153 670 annolini
1170 610 1297 666 ll⁰CCC⁰

221 709 334 766 xx⁰vt⁰
348 717 377 766 et
392 703 437 766 die
454 715 555 766 xx³uu²
569 704 670 767 mensis
683 704 849 785 septenbris,
866 703 1010 766 continens
1020 703 1095 784 quod
1111 701 1187 764 dom.
1206 701 1299 781 Guigo

220 800 367 880 dalphinus
376 800 540 863 Viennensis
552 814 580 863 et
593 800 707 864 Albonis
721 820 826 876 comes,
839 819 891 881 pro
904 820 934 862 se
946 801 1007 881 ipso
1021 814 1050 862 et
1058 799 1117 879 ejus
1127 798 1299 862 comissariis

220 909 249 960 et
264 896 426 960 officialibus
438 897 657 978 quibuscumque
668 916 843 979 quocumque
868 897 979 959 nomine
1005 909 1170 959 censeantur
1183 909 1213 956 et
1224 914 1302 976 quo-

221 993 289 1056 libet
302 993 462 1055 eorumdem
479 993 637 1070 insolidum,
652 993 729 1071 fecit,
747 993 890 1057 constituit
905 1006 934 1055 et
956 992 1095 1054 ordinavit
1110 1011 1176 1054 suos
1188 1009 1299 1072 procu-

221 1103 328 1152 ratores
342 1103 488 1152 contentos
501 1090 529 1152 in
544 1089 645 1152 dicto
637 1103 831 1169 instrumento,
863 1089 898 1152 ad
922 1089 1014 1152 omnia
1028 1088 1154 1151 iacienda
1169 1101 1256 1170 prout
1271 1087 1300 1149 in

221 1184 282 1268 ipso
296 1185 478 1248 instrumento
492 1187 660 1249 continetur.

261 1299 332 1361 442.
362 1287 441 1356 ltern,
466 1283 551 1363 quod.
581 1283 792 1345 instrumentum
819 1282 950 1362 scriptum
975 1300 1058 1343 manu
1090 1257 1233 1362 Hugonini
1262 1281 1300 1344 de

225 1387 322 1460 Ruppe
336 1378 435 1440 notarii
458 1378 549 1458 publ,
574 1379 625 1440 sub
648 1397 721 1440 anno
752 1377 806 1440 Dr'ti
833 1385 873 1438 Μο
875 1384 956 1440 CCC⁰
958 1385 1017 1454 XL,
1036 1377 1120 1440 indic.
1150 1391 1226 1453 vute,
1254 1378 1302 1440 die

222 1473 409 1546 mutunensis
423 1473 527 1554 aprilis,
544 1474 689 1537 continens
716 1474 905 1536 remissionem
936 1473 1006 1535 male
1024 1474 1178 1537 ablatorum
1194 1474 1301 1536 factam

223 1591 273 1654 per
284 1569 410 1633 homines
432 1569 468 1632 de
494 1577 595 1632 Sancto
611 1571 751 1652 Stephano
772 1571 809 1633 de
824 1577 926 1634 Sancto
950 1577 1030 1633 luers
1054 1570 1134 1632 domo
1152 1570 1299 1652 dalphino.

261 1686 331 1750 443.
350 1675 428 1744 ltem,
448 1668 533 1749 qued.
548 1667 638 1732 littere
652 1669 753 1750 scripte
775 1669 826 1732 sub
850 1689 923 1732 anno
950 1669 1003 1730 Dr'ti
1025 1676 1242 1746 M⁰CC⁰XL⁰ll⁰,
1272 1671 1303 1732 in

223 1767 372 1830 crastinum
392 1767 424 1828 Sti
447 1765 530 1828 Matei
547 1766 676 1847 apostoli,
705 1767 822 1847 sigillate
850 1766 959 1829 duobus
986 1766 1094 1848 sigillis,
1123 1765 1302 1830 continentes

223 1863 298 1945 quod
320 1862 396 1926 dom.
423 1862 566 1945 Philippus
594 1863 630 1925 de
655 1863 805 1950 sabaudia,
830 1876 994 1944 procurator
1009 1863 1125 1925 ecclesie
1139 1862 1300 1942 Valentino,

98 1999 109 2026 ο
182 2006 189 2020 .
224 1960 482 2042 promitebatdom⁰
498 1961 617 2040 Guigoni
644 1959 775 2042 delphino
803 1961 891 2042 ipsum
909 1961 1005 2040 juvare
1022 1961 1057 2022 de
1075 1981 1174 2042 guerra
1200 1975 1303 2024 contra

224 2066 373 2142 hymarum
391 2057 426 2120 de
440 2056 574 2119 Pictavia.

263 2173 333 2236 444.
352 2163 430 2231 ltem,
445 2154 531 2237 quod.
549 2154 761 2217 instrumentum
776 2154 852 2243 publ.
868 2133 998 2236 scriptum
1011 2173 1094 2215 manu
1109 2153 1183 2215 Petri
1204 2125 1303 2215 Chau-

226 2253 387 2316 rininotarii
403 2252 495 2335 publ,
507 2271 581 2314 anno
594 2252 696 2313 Ditilll⁰
699 2257 757 2314 CC⁰
758 2258 817 2313 LX.
821 2258 897 2326 Vll⁰,
912 2251 996 2314 indic.
1011 2264 1053 2328 Μ,
1069 2261 1123 2312 1111⁰
1137 2251 1302 2330 nonaiunii,

225 2349 372 2414 continens
384 2351 568 2412 donacionem
581 2351 680 2413 factam
694 2350 773 2412 dom⁰
788 2349 918 2430 dalphinq
935 2369 986 2431 per
1007 2349 1084 2411 dom.
1099 2349 1252 2412 Artaudum
1268 2350 1306 2412 de

226 2448 391 2511 Rossillione
402 2461 430 2510 et
444 2448 658 2510 Guillelmum
636 2467 694 2527 epus
710 2447 806 2524 lilium,
834 2447 869 2510 de
899 2447 983 2511 domo
1008 2448 1044 2510 de
1071 2447 1220 2510 Landrins
1223 2461 1252 2510 et
1266 2448 1304 2511 de

224 2546 289 2608 villa
299 2559 328 2608 et
344 2545 491 2626 parrochia
501 2545 536 2607 de
549 2545 676 2626 spinosa.

268 2659 338 2722 445
359 2649 438 2717 ltem,
465 2641 549 2723 qued.
582 2641 659 2704 litere
685 2641 786 2722 scripte
813 2661 886 2704 anno
907 2643 960 2704 oni
979 2647 1240 2716 M⁰CC0XXXVll⁰,
1261 2655 1305 2702 x1³

225 2737 362 2799 kalend.
354 2737 431 2817 lunii,
450 2738 623 2801 continentes
637 2738 860 2818 recognicionem
886 2727 986 2802 iactam
1016 2759 1069 2821 per
1091 2737 1239 2825 *dominum
1267 2738 1305 2800 de

226 2833 391 2896 Rencurello
406 2833 486 2895 dome
498 2833 617 2896 Beatrici
627 2834 745 2897 condam
760 2848 788 2896 et
807 2836 921 2898 Albonis
934 2835 1083 2912 comitisse,
1111 2834 1203 2897 tutrici
1227 2835 1303 2896 dom¹

225 2930 360 3012 Guigonis
372 2930 494 3012 dalphini
515 2930 646 2993 condam.
661 2990 663 2998 ,

264 3027 335 3108 446.
353 3035 432 3104 ltem,
448 3027 531 3108 qued.
547 3028 625 3090 litera
642 3028 789 3110 missaper
806 3036 956 3112 hymarum
979 3029 1015 3091 de
1031 3029 1155 3092 Pictavia
1169 3030 1303 3092 comitem

226 3126 437 3190 Valentinum...
454 3125 611 3187 hominibus
627 3125 683 3189 suis
696 3140 770 3189 terre
782 3125 898 3190 baronie
913 3126 1060 3209 Clayriaci,
1075 3126 1150 3208 quod
1176 3127 1305 3191 iacerent

226 3224 382 3305 homagium
398 3223 477 3285 dom⁰
488 3223 606 3304 Guigoni
624 3223 766 3305 delphino,
785 3224 850 3306 quia
864 3224 992 3306 quicquic
1006 3223 1109 3286 ibidem
1126 3223 1248 3287 habebat
1260 3225 1305 3288 ei-

225 3322 289 3383 dem
306 3320 437 3401 dalphino
452 3334 670 3402 permutaverat,
689 3338 743 3401 que
758 3322 839 3385 litera
852 3322 955 3403 scripta
969 3320 1020 3383 tuit
1035 3339 1108 3382 anno
1128 3321 1182 3382 Diti
1200 3327 1242 3382 Μο
1244 3327 1304 3382 CC⁰
1394 3317 1398 3324 ’

226 3425 352 3494 LXVllo,
369 3418 414 3480 die
429 3419 557 3480 mercurii
570 3431 634 3481 ante
650 3425 752 3479 Remos
768 3419 924 3526 Palmarum
949 3431 977 3480 et
999 3417 1050 3480 luit
1072 3416 1189 3538 sigillata
1210 3415 1304 3498 sigillo

225 3514 292 3576 dicti
308 3515 431 3597 hymari.

265 3613 323 3692 446
348 3612 398 3674 bis.
425 3620 508 3690 ltem,
531 3612 622 3694 quod.
649 3614 861 3677 instrumentum
882 3579 1039 3677 conlectum
1059 3632 1143 3676 manu
1174 3613 1304 3694 Hugonis

226 3708 356 3770 Chaurini
369 3709 468 3770 notarii
486 3709 562 3790 publ.
582 3711 634 3772 sub
647 3730 719 3773 anno
736 3712 789 3773 Diti
803 3718 1005 3786 M0CC0LXV0,
1024 3711 1119 3774 indict.
1139 3724 1212 3786 Vllli,
1228 3701 1303 3773 diev

224 3807 345 3868 intrante
357 3819 486 3888 augusto,
501 3807 647 3870 continens
665 3808 739 3888 quod
760 3809 836 3871 dom.
857 3809 1017 3871 Guillelmus
1029 3808 1156 3891 Tyvoley
1168 3827 1303 3872 monacus

225 3903 350 3966 vendidit
376 3903 454 3966 dom⁰
485 3904 604 3987 Guigoni
627 3904 757 3986 delphino
783 3906 930 3969 Viennensi
956 3926 1009 3993 sert¹
1029 3905 1148 3968 sextaria
1170 3905 1301 3969 frumenti

225 4020 325 4064 census
339 4017 367 4064 et
380 4021 407 4063 ur
425 4001 523 4066 denar.
540 4003 676 4066 Viennen.
693 4016 819 4064 veterum
834 4022 944 4088 census.

265 4117 334 4179 447.
361 4107 440 4176 ltem,
470 4099 556 4180 quod.
573 4100 784 4163 instrumentum
811 4102 967 4164 confectum
992 4119 1075 4164 manu
1101 4101 1202 4164 Humb¹
1219 4100 1300 4163 Pilati
