2842 4900
519 432 697 510 ..237-

73 563 206 627 Geberme
219 577 249 627 et
261 563 351 647 tigillo
365 563 441 626 Petri
458 563 494 628 de
508 564 649 648 Greyssie,
668 563 732 626 date
752 576 784 626 ιι·
797 581 886 626 nonas
897 563 972 644 iulii,
988 583 1061 627 annu
1090 565 1143 630 oni

72 669 280 739 succeduto,
306 661 479 740 continentes
501 662 576 743 quud
602 669 701 725 Petrus
723 662 758 724 de
780 661 921 744 Greyssie,
947 661 1085 725 habitator
1108 663 1144 726 de'

72 761 203 844 hangins,
214 773 243 824 et
255 759 384 823 Ysabella
397 759 456 839 ejus
470 779 541 822 uxor
554 758 757 823 confitebantur
767 778 797 821 se
810 769 933 821 tenerea
947 759 1026 822 dom*
1034 759 1145 840 dalphi-

70 858 225 921 nadomina
238 857 396 940 Furigniaci
410 858 438 920 in
454 857 565 921 feudum
576 877 622 920 rvr
637 857 720 920 libras
734 857 763 918 in
787 857 940 921 redditibus
961 863 1044 939 super
1061 856 1146 940 pluri·

70 955 120 1018 bus
132 956 290 1020 hominibus
303 957 425 1021 etrebus
437 956 583 1020 nominatis
601 957 629 1018 in
646 957 713 1038 ipsis
732 957 827 1032 literis,
850 969 878 1019 et
900 956 1103 1022 confitebantur
1114 973 1144 1020 se

71 1053 200 1117 habuisse
219 1074 271 1136 pro
299 1054 372 1118 dicta
392 1053 582 1136 recognitione
609 1053 735 1117 facienda
757 1052 861 1116 adicta
873 1052 950 1118 dom.
966 1053 1095 1136 dalphina
1108 1071 1144 1116 ιιι

71 1149 154 1213 hbras
165 1150 330 1214 Gebennen.

114 1247 200 1310 1621.
216 1253 295 1324 item,
320 1247 406 1329 quod.
429 1247 506 1329 publ.
525 1247 736 1310 instrumentum
753 1247 885 1328 scriptum
900 1265 983 1311 manu
1006 1249 1145 1314 Ranconis

72 1345 236 1408 Sacristonis
249 1345 348 1408 notarii
362 1345 439 1427 publ.
455 1346 506 1408 sub
521 1364 594 1409 anno
611 1346 664 1407 Diri
690 1349 934 1420 M⁰CCC0XXIX0,
958 1343 1054 1408 indict.
1078 1361 1142 1422 nur,

71 1441 115 1506 die
135 1459 178 1504 ιιι·
195 1443 298 1504 mensis
319 1442 422 1524 aprilis,
442 1443 589 1506 continens
611 1440 835 1523 procurationem
863 1440 963 1503 iactant
990 1447 1041 1522 ρει
1066 1440 1142 1506 dom.

71 1539 230 1621 episcopum
244 1539 457 1602 Gebennensem
470 1539 634 1622 quibusdam
649 1537 774 1620 personis
782 1537 817 1599 ad
831 1536 1005 1600 alienandum
1018 1537 1046 1600 in
1061 1536 1138 1602 dom.

71 1635 228 1718 dalphinum
241 1635 369 1718 homagia
384 1635 521 1708 sabaudie
531 1653 559 1699 et
571 1633 704 1698 Gebenne
720 1634 851 1698 comitum
879 1634 959 1697 dum⁰
971 1635 1103 1716 delphino
1117 1647 1145 1698 et

71 1731 104 1792 ad
125 1731 338 1814 permutandum
352 1731 404 1794 sibi
420 1733 539 1815 quedam
553 1747 655 1808 castra,
670 1745 757 1814 prout·
771 1732 823 1795 hec
842 1743 870 1794 et
882 1731 961 1812 plura
975 1731 1027 1795 alia
1040 1732 1069 1794 in
1082 1732 1144 1814 ipso

71 1827 159 1892 iustr‘⁰
172 1829 361 1892 continentur.

113 1925 199 1989 1622.
217 1933 296 2004 Item,
306 1924 392 2008 quod.
407 1926 484 2008 publ.
499 1927 709 1990 instrumentum
723 1927 856 2010 scriptum
875 1947 958 1991 manu
979 1925 1079 1991 Humb¹
1094 1927 1144 1992 Pi-

71 2023 114 2087 lati
127 2023 165 2086 de
180 2024 299 2086 Buxeria
312 2037 371 2086 not.
387 2023 514 2104 pubsub
525 2044 598 2087 anno
615 2025 668 2086 oni
679 2030 948 2103 Moccctxxxvh,
963 2025 1060 2088 indict.
1073 2038 1139 2109 unt,

72 2122 113 2184 die
127 2135 191 2184 ιιιιιι
204 2121 306 2184 mensis
318 2120 460 2198 februari,
475 2122 620 2185 continens
634 2121 792 2204 homagium
806 2123 950 2204 prestitum
964 2123 1043 2188 dom⁰
1057 2129 1144 2186 Hum-

72 2219 149 2282 berto
163 2218 306 2300 dalphine,
318 2218 429 2280 domino
441 2218 611 2300 Fucigniaci,
622 2239 672 2300 per
687 2226 800 2282 Petrum
814 2221 849 2283 de
863 2219 987 2284 Troches
1000 2233 1029 2284 et
1038 2227 1139 2302 recog-

71 2317 146 2379 novit
156 2337 186 2379 se
200 2329 321 2379 tenerea
333 2317 408 2380 dicto
422 2317 534 2379 domino
550 2317 708 2398 Fucigniaci
723 2317 751 2379 in
775 2318 887 2380 feudum
909 2317 1003 2400 hgium
1017 2317 1143 2399 quitquid

70 2426 145 2476 tenet
154 2414 229 2495 apud
244 2414 378 2496 Buegium
392 2428 420 2476 et
432 2415 529 2478 intuta
542 2413 614 2477 valle
627 2414 663 2476 de
681 2414 780 2496 Bogio,
792 2435 847 2478 una
859 2433 921 2478 cum
935 2414 1140 2498 jur(i)dictione

72 2513 121 2574 sibi
135 2531 270 2575 concessa
283 2532 335 2594 per
347 2511 414 2575 dict.
426 2512 567 2574 dominum
586 2511 754 2594 Fucigniari.

112 2609 198 2690 1623.
219 2616 299 2685 Item,
315 2609 401 2692 quod.
416 2609 493 2691 publ.
510 2609 721 2673 instrumentum
740 2608 871 2691 scriptum
887 2630 970 2674 manu
986 2609 1095 2672 Martini
1107 2609 1143 2674 de

74 2715 177 2792 Frayca
190 2721 220 2770 et
232 2708 370 2790 signatum
396 2728 479 2772 manu
503 2709 603 2770 Humb¹
625 2709 706 2776 Pilau'
717 2721 777 2771 not.
793 2708 861 2790 pub.
878 2709 930 2772 sub
944 2729 1018 2774 anno
1034 2711 1088 2772 Diri
1102 2718 1143 2772 tt⁰

73 2811 314 2883 ccc0xxtr11110,
330 2805 487 2882 indict-na,
506 2805 550 2868 die
564 2823 616 2868 xua
633 2806 734 2868 mensis
754 2806 859 2886 aprilis,
875 2807 1019 2870 continens
1044 2808 1144 2870 huma-

73 2903 144 2984 gium
154 2903 248 2984 ligium
262 2904 405 2985 prestitum
418 2923 469 2986 per
482 2897 559 2965 dom.
577 2907 723 2986 hugonem
752 2904 787 2966 de
800 2904 926 2982 lamvile,
953 2905 1093 2968 dominum
1106 2903 1143 2968 de

2 3008 5 3038 l
71 3004 144 3076 lacz,
160 2999 240 3062 dum⁰
255 3000 409 3064 Humberto
424 3000 566 3082 dalphine,
578 3001 691 3064 domino
704 3001 874 3082 Fucigniaci,
886 3015 913 3064 et
921 3000 1142 3082 recognitionem

72 3113 120 3176 per
132 3098 261 3161 eumdem
275 3098 375 3162 factam
392 3098 466 3162 dcto
488 3098 517 3160 d.
544 3099 674 3181 dalphine
693 3113 722 3163 ut
742 3099 770 3161 in
790 3100 851 3180 ipso
868 3099 957 3160 instr²⁰
974 3097 1140 3160 continetur.

114 3195 197 3275 1624.
215 3202 295 3272 item,
327 3195 413 3277 quod.
438 3195 515 3278 publ.
541 3195 752 3260 instrumentum
778 3196 933 3258 coniectum
954 3213 1036 3257 manu
1055 3193 1140 3257 mich.

74 3293 206 3374 Ranulphi
219 3292 319 3356 notarii
328 3293 406 3373 publ.
422 3293 475 3355 sub
495 3311 568 3356 antto
580 3301 688 3356 incarn.
703 3293 756 3355 oni
769 3297 1029 3367 M0CC⁰LXXllll⁰,
1043 3289 1140 3354 indict.

73 3405 115 3464 rt„
130 3389 174 3452 die
183 3389 323 3452 dominico
332 3389 360 3450 in
371 3389 478 3452 octabis
496 3389 707 3466 penthecostes,
726 3389 872 3454 continens
888 3387 962 3471 quod
976 3388 1052 3450 dum.
1069 3394 1143 3474 Ray-

73 3485 187 3548 mundus
203 3475 310 3568 ¹Figueti
338 3485 374 3548 de
398 3486 508 3574 Alingio
524 3479 590 3550 fecit
607 3488 765 3570 homagium
779 3487 873 3568 ligium
898 3487 975 3548 dom⁰
998 3485 1142 3568 B(eaitrici)
1164 3507 1167 3516 ’

73 3581 198 3664 dalphine
209 3586 369 3663 Viennensi,
388 3601 591 3668 recognoscens
602 3600 699 3650 tenere
711 3588 747 3650 ab
763 3587 860 3650 eadem
876 3586 1007 3669 quicquid
1021 3600 1098 3650 tenet
1113 3586 1142 3649 in

72 3680 214 3760 parrochia
229 3683 265 3746 de
280 3685 376 3746 Umcie
388 3697 416 3748 et
430 3683 559 3766 quicquid
573 3685 658 3748 habet
671 3685 698 3746 in
712 3684 784 3747 valle
796 3684 974 3746 castillionis.

118 3781 198 3862 1625.
222 3779 302 3858 Item,
317 3782 404 3865 quod.
420 3782 498 3863 publ.
513 3781 725 3844 instrumentum
742 3782 873 3863 scriptum
884 3801 966 3844 manu
980 3781 1093 3844 Bruneti
1105 3781 1141 3844 de

75 3883 166 3942 Monte
178 3873 319 3944 sub'anno
335 3881 387 3943 Diri
403 3886 577 3956 M⁰CCC⁰11⁰,
593 3893 655 3942 ιιιι1
670 3879 715 3941 die
732 3878 834 3942 mensis
847 3878 980 3956 octobris,
995 3897 1058 3942 cum
1073 3877 1143 3940 duo-

71 3970 127 4038 bus
135 3976 227 4058 sigillis
237 3977 419 4061 impendenti,
436 3977 580 4041 continens
594 3976 752 4058 homagium
766 3975 912 4039 lohanneti
927 3973 964 4038 de
981 3975 1102 4057 Pugnier
1114 3987 1144 4038 et

73 4075 292 4155 recognitionem
307 4074 453 4158 quarumd.
473 4093 566 4138 rerum
577 4073 678 4136 factam
693 4073 772 4151 'dum‘
793 4071 942 4156 meritrici)
956 4073 1085 4156 dalphine
1110 4086 1141 4135 ut

75 4168 183 4234 domine
196 4171 365 4254 Fucigniaci.
735 4193 738 4204 ·
929 4201 932 4210 ¹
1082 4177 1084 4184 '
