2936 4898
702 447 859 507 -18-

243 579 321 658 junii,
335 578 436 640 undec.
447 577 546 653 indic,
564 595 712 658 regnorum
730 577 815 658 ipsius
827 585 911 652 surr,
927 577 1071 640 continens
1097 577 1175 659 ‘quod
1190 576 1250 659 ipse
1272 595 1322 641 rer

245 675 320 738 dedit
336 674 437 737 dilecto
452 675 547 755 nepoti
567 691 619 737 suo
632 674 750 736 lohanni
781 673 918 755 Dalphino
941 673 1092 737 Viennensi
1116 687 1146 737 et
1171 674 1323 738 heredibus

245 772 303 852 ejus
317 791 352 834 ex
367 791 419 834 suo
433 789 551 852 corpore
561 769 718 846 nascituris,
737 771 765 833 in
776 770 889 833 feudum
906 783 1027 834 castrum
1042 770 1078 834 de
1095 771 1183 834 serris
1198 772 1280 835 situm
1293 773 1322 834 in

244 867 376 930 comitatu
408 867 628 949 Forqualquerii,
656 886 719 929 cum
747 866 916 942 horninibus,
936 866 1053 946 juribus,
1086 867 1321 947 juridictionibus,

244 984 322 1028 mero
337 978 364 1027 et
377 964 463 1026 mixto
477 964 604 1046 imperio,
633 965 699 1027 item
726 965 769 1042 jus
796 964 871 1047 quod
886 964 938 1027 sibi
953 963 1087 1044 competit
1099 964 1128 1026 in
1143 965 1241 1028 castris
1256 973 1324 1028 Are-

245 1061 358 1143 grandis
371 1075 399 1123 et
417 1067 503 1124 Bassa
520 1061 638 1137 Merolii,
651 1060 703 1123 sub
720 1060 850 1142 homagio
860 1074 889 1124 et
905 1060 965 1123 allis
979 1058 1190 1124 condicionibus
1200 1061 1228 1122 in
1248 1060 1324 1125 dicto

244 1159 427 1220 instrumento
440 1157 589 1234 contentis,
608 1158 754 1220 continens
778 1157 866 1220 eciam
892 1174 1062 1220 concensum
1077 1169 1105 1220 et
1130 1157 1324 1222 auctoritatem

245 1253 311 1316 dicti
327 1255 403 1316 dom.
419 1254 492 1334 regis
508 1254 583 1317 dicto
590 1254 666 1316 dom.
677 1254 808 1334 dalphino
823 1253 963 1317 concessis
970 1253 1005 1316 de
1021 1253 1102 1316 dictis
1112 1253 1209 1317 castris
1225 1254 1325 1317 dandis

246 1365 275 1414 et
289 1351 476 1422 concedendis
497 1352 595 1414 eodem
614 1352 700 1414 modo
724 1371 780 1434 quo
799 1351 851 1414 sibi
873 1365 937 1416 sunt
956 1371 1090 1416 concessa
1108 1352 1185 1414 dom⁰
1204 1352 1325 1415 Guidoni

245 1449 322 1512 fratri
336 1469 399 1512 suo.

286 1547 334 1607 82.
355 1553 434 1622 Item,
446 1545 532 1626 quod.
549 1544 624 1608 aliud
644 1545 818 1627 privilegium
833 1565 850 1606 a
866 1545 1042 1608 serenissimo
1059 1545 1162 1608 Karolo
1189 1553 1227 1607 ll⁰
1256 1565 1325 1626 rege

245 1643 415 1704 lherusalem
429 1653 457 1704 et
472 1642 566 1704 cicilie
582 1656 738 1704 emanatum
761 1641 874 1724 ejusque
888 1641 979 1723 sigillo
1006 1660 1070 1704 cera
1085 1642 1171 1705 rubea
1185 1661 1249 1704 cum
1272 1641 1320 1705 hlo

245 1739 318 1802 sirici
327 1739 405 1800 rubei
418 1752 446 1800 et
462 1739 537 1801 croci
554 1739 583 1800 in
602 1738 735 1819 pendenti
763 1739 921 1820 sigillatum,
941 1738 1072 1819 scripturn
1097 1738 1149 1800 sub
1177 1756 1251 1800 anno
1268 1739 1325 1802 Diri

247 1841 472 1911 M⁰CC⁰XC⁰lll⁰,
494 1834 539 1896 die
554 1834 649 1896 ultima
678 1835 781 1896 mensis
804 1833 962 1909 decenbris,
988 1853 1031 1895 vre
1054 1834 1153 1910 indic,
1172 1851 1325 1914 regnorum

246 1951 313 1994 vero
329 1931 415 2013 ipsius
428 1950 502 1993 anno
515 1940 589 2008 vrn0,
607 1930 753 1993 continens
762 1928 1004 1992 confirmacionem
1033 1950 1083 2010 per
1099 1930 1219 1993 eundem
1244 1931 1324 1994 dom.

246 2050 340 2112 regem
352 2030 452 2092 lactant
464 2029 545 2090 domo
553 2029 672 2090 lohanni
688 2029 836 2108 Delphico,
852 2047 936 2109 super
948 2028 1104 2090 donacione
1117 2027 1169 2091 sibi
1185 2028 1259 2090 iacta
1272 2047 1325 2109 per

246 2129 380 2191 illustrem
397 2127 549 2210 principem
568 2126 750 2189 llumbenum
761 2126 921 2206 dalphinum
935 2140 964 2188 et
977 2125 1054 2188 dom.
1066 2133 1174 2188 Annam
1186 2126 1246 2206 ejus
1260 2145 1329 2189 con·

247 2238 353 2287 sortem
370 2224 405 2286 de
420 2237 480 2287 toto
495 2224 671 2304 Dalphinatu.

288 2323 342 2398 83,
356 2329 436 2395 Item,
465 2320 550 2401 quod.
575 2321 648 2382 aliud
671 2320 812 2402 publicum
842 2320 1053 2382 instrumentum
1080 2320 1213 2402 scriptum
1242 2339 1325 2385 manu

248 2419 385 2480 Guillelmi
398 2417 502 2480 ludicis
512 2432 540 2480 et
553 2418 723 2498 subcriptum
731 2437 814 2480 manu
820 2417 928 2479 wiredi
936 2418 972 2480 de
980 2417 1117 2481 Vericono
1126 2418 1203 2499 publ.
1212 2419 1325 2494 notarii,

248 2516 300 2578 sub
314 2535 388 2578 anno
405 2522 547 2593 lncarnac.
571 2514 659 2577 Dnice
674 2521 861 2590 M⁰CCC⁰lX⁰,
875 2514 920 2577 die
944 2533 999 2576 una
1012 2515 1115 2578 mensis
1137 2515 1243 2592 marcii,
1265 2524 1329 2578 urne

248 2612 348 2688 indic,
363 2612 458 2692 sigillis
474 2611 604 2674 sereniss.
624 2611 697 2692 regis
715 2610 828 2673 Roberti
850 2629 914 2674 cera
939 2612 1026 2674 rubea
1054 2625 1082 2675 et
1106 2612 1180 2674 dom¹
1206 2611 1329 2692 delphini

249 2728 313 2771 cera
326 2708 389 2770 alba
402 2708 430 2769 in
441 2708 573 2789 pendenti
587 2707 745 2787 sigillatum,
758 2707 904 2770 continens
914 2708 1139 2788 recognicionem
1151 2708 1329 2772 serenissimo

249 2805 365 2886 principi
380 2804 456 2866 dum.
473 2804 596 2866 Roberto
612 2804 662 2865 Dei
688 2805 803 2886 (gratia)
830 2805 889 2886 regi
905 2824 988 2885 supra
1017 2806 1122 2886 scripto
1149 2805 1251 2868 iactam
1279 2824 1330 2886 per

249 2902 324 2963 dom.
341 2901 493 2962 lohannem
511 2900 670 2982 dalphinum
687 2901 818 2981 predict,
835 2901 871 2963 de
894 2901 1023 2964 omnibus
1036 2902 1088 2964 hiis
1105 2921 1160 2983 que
1173 2915 1250 2965 tenet
1270 2902 1328 2983 (et)

249 2999 373 3080 possidet
385 2998 431 3060 vel
440 2998 518 3079 quasi
527 3017 578 3079 per
591 3018 621 3060 se
634 2999 680 3061 vel
694 3019 744 3080 per
753 2999 835 3062 alium
849 2999 878 3060 iu
891 2999 1015 3080 partibus
1028 2998 1183 3079 vapincesii
1194 2998 1239 3061 vel
1250 2999 1327 3076 alibi,

249 3095 285 3156 de
296 3094 428 3156 comitatu
445 3093 649 3175 Folqualquerii
661 3096 706 3156 vel
722 3096 781 3175 ejus
796 3095 985 3176 pertinenciis,
1010 3095 1236 3177 recognicionem
1261 3095 1329 3176 juris

248 3191 271 3252 si
288 3191 363 3271 quod
378 3190 461 3253 babet
484 3191 512 3252 in
528 3191 650 3253 dominio
670 3205 698 3254 et
720 3192 895 3270 juridictione
911 3193 1030 3254 condam
1058 3193 1132 3254 dom¹
1162 3192 1327 3273 Dragoneti‚

249 3290 353 3352 domini
368 3289 403 3352 de
419 3297 514 3352 Monte
530 3290 649 3366 Albano,
663 3291 808 3352 continens
822 3290 910 3353 eciam
925 3291 1148 3372 recognicionem
1164 3290 1287 3371 homagii
1301 3290 1330 3352 in

249 3408 304 3470 quo
319 3387 408 3449 dictus
421 3387 497 3448 dom.
515 3386 662 3467 dalphinus
673 3384 762 3449 eidem
781 3386 925 3468 dom⁰regi
953 3400 1065 3450 tenetur
1094 3400 1123 3450 et
1137 3387 1260 3451 omnium
1276 3405 1330 3468 que

249 3496 327 3546 tenet
336 3483 372 3544 in·
381 3483 453 3544 valle
466 3484 501 3545 de
511 3475 635 3564 Rbgnes.
824 3551 829 3564 ,

174 3585 176 3590 ’
290 3578 338 3655 84.
359 3585 437 3654 Item,
450 3579 536 3660 quod.
558 3580 632 3642 aliud
660 3580 834 3661 privilegium
854 3601 870 3642 a
898 3579 1087 3642 serenissimo·
1105 3599 1171 3660 rege
1204 3579 1329 3642 Roberto

252 3674 302 3735 Dei
316 3675 404 3754 gratia
416 3675 569 3738 Jerusalem
584 3690 612 3740 et
634 3676 727 3739 Cicilie
750 3696 816 3759 rege
829 3691 985 3740 emanatum
1014 3679 1127 3759 ejusque
1151 3677 1252 3758 sigillo
1266 3695 1331 3739 cera

250 3769 337 3831 rubea
348 3770 376 3830 in
393 3771 525 3850 pendenti
542 3792 604 3834 curn
624 3771 671 3834 iilo
688 3773 764 3835 cirici
778 3774 855 3836 rubei
872 3787 899 3835 et
913 3773 988 3836 croci
1003 3773 1161 3854 sigillatum,
1183 3773 1330 3835 continens

250 3866 434 3928 donacionem
451 3886 501 3948 per
514 3868 617 3932 dictum
638 3870 715 3932 dom.
732 3889 826 3951 regem
841 3871 943 3932 iactam
957 3869 1055 3932 illustri
1077 3869 1196 3950 principi
1213 3869 1329 3932 domino

250 3975 347 4037 nostro
359 3964 511 4026 llumberto
526 3965 657 4046 dalphino
674 3966 823 4029 Viennensi
836 3966 870 4027 de
885 3966 959 4028 mille
977 3965 1066 4028 unciis
1075 3966 1136 4027 auri
1150 3965 1327 4042 annualibus,

252 4059 303 4120 sibi
317 4073 345 4122 et
356 4059 469 4141 suisper
482 4060 585 4123 dictum
596 4062 672 4123 dom.
687 4083 781 4144 regem
812 4061 840 4122 in
856 4061 1009 4123 redditibus
1034 4075 1062 4124 et
1075 4061 1164 4124 feudis
1179 4062 1330 4142 assignan-

252 4155 294 4217 dis
311 4168 339 4217 et
353 4155 516 4218 assetandis.
546 4211 551 4226 ,
924 4155 926 4164 ’
