2936 4898
732 473 891 529 -ςο-

273 587 399 666 januarii,
416 587 560 649 continens
574 586 702 666 homagia
714 584 829 666 prestita
842 585 923 646 dom0
935 584 1067 664 dalphino
1076 587 1131 665 'per
1141 571 1251 646 nobiles
1261 584 1345 646 iufra-
1422 584 1425 590 '

274 685 391 764 scriptos
409 683 519 764 :primo
534 702 584 764 per
598 683 674 744 dom.
699 680 859 743 arnaudum
886 680 1027 762 Gueynisii
1052 680 1175 756 militem,
1193 681 1343 742 amedeum

274 781 430 864 Beudoyni,
446 779 599 842 iohannem
617 779 746 855 Buxerie,
773 778 966 860 Raymuudum
982 777 1017 840 de
1032 777 1159 852 Riveriis,
1183 776 1346 838 Guiiieimo-

271 897 337 939 uum
352 877 465 953 Diderii,
484 875 666 958 Raynaudum
682 883 801 951 Carene,
819 874 1002 958 Raynaudum
1022 873 1107 936 filium
1131 874 1249 936 condam
1274 882 1346 934 lan-

151 971 155 978 ’
271 974 346 1036 telmi
367 981 506 1050 Guarenc,
533 973 715 1034 Humbertum
742 970 867 1047 Boterdi,
896 977 1009 1033 Petrum
1038 971 1165 1046 Romani,
1192 965 1344 1032 iohannem

273 1071 400 1146 Romani,
420 1070 604 1132 Bertrandum
623 1069 801 1144 Berrardum,
832 1068 1007 1130 Guiilelmum
1036 1067 1202 1150 Raymuodi,
1231 1067 1346 1130 Lantel-

271 1189 345 1230 mum
362 1167 528 1249 Raymundi‚
551 1174 723 1229 Frontonem
748 1165 914 1248 Raymundi,
941 1171 1054 1229 Petrum
1079 1165 1199 1248 Royaui,
1231 1165 1346 1226 Lantel-

271 1284 345 1326 mum
359 1265 477 1347 Royani,
495 1272 675 1328 Ponczonum
692 1265 729 1326 de
745 1263 880 1344 Coperiis,
905 1270 1019 1326 Petrum
1034 1265 1069 1325 de
1090 1263 1226 1344 coperiis,
1253 1269 1345 1323 Hum-

270 1364 378 1426 bertum
392 1362 427 1426 de
442 1363 577 1443 Coperiis‚
593 1362 766 1423 Guillelmum
789 1361 824 1422 de
839 1359 974 1442 coperiis,
996 1360 1133 1422 Andream
1149 1359 1184 1422 de
1207 1358 1343 1439 Coperiis,

170 1441 176 1455 x
271 1460 418 1522 Falconem
436 1466 555 1534 Gareoc,
573 1465 721 1540 Eymarum
737 1456 837 1533 Galifii,
854 1463 966 1519 Petrum
981 1447 1063 1518 clare
1080 1456 1174 1530 Vallis,
1190 1456 1343 1518 iohannem

270 1555 393 1636 Syboudi
409 1557 444 1618 de
457 1557 545 1632 Valle,
560 1556 712 1618 iohannem
728 1554 844 1616 Gilberti
861 1554 896 1616 de
912 1554 981 1616 utba
997 1554 1097 1634 Rippa,
1119 1553 1291 1615 Lantelmum
1306 1552 1344 1614 de

269 1652 424 1728 Ostoduuo,
439 1653 593 1715 iohannem
607 1652 642 1714 de
656 1652 812 1728 Ostoduno,
828 1657 942 1712 Petrum
956 1651 1103 1724 Muttonis,
1120 1649 1291 1712 Lantelmum
1306 1649 1344 1711 de

270 1755 378 1830 Ruppe,
398 1759 585 1832 aymaronum
605 1750 751 1825 Muttonis,
776 1748 943 1810 Chabertum
964 1748 1141 1825 Chanavacii,
1169 1756 1280 1810 Petrum
1306 1749 1345 1810 de

269 1847 448 1929 Mutinaysio,
464 1848 642 1909 Thomasium
655 1847 690 1910 de
707 1846 892 1928 ummaysio,
903 1846 1065 1908 tasselmum
1082 1846 1118 1908 de
1134 1852 1235 1908 Sancto
1249 1853 1345 1907 iuertz

267 1955 295 2005 et
311 1950 457 2023 Hugonem
485 1944 644 2025 Berengarii
666 1943 807 2005 dominum
831 1943 925 2004 Sancti
949 1943 1108 2005 andream
1130 1941 1262 2024 Royanis,
1290 1962 1344 2005 uec

266 2059 323 2102 oon
337 2041 484 2102 terminum
499 2040 699 2121 assignationis
712 2040 746 2101 ad
769 2040 1026 2120 recognoscendum
1050 2057 1101 2119 per
1121 2038 1211 2100 dictos
1235 2037 1344 2098 nobiles

267 2134 341 2198 dicto
356 2135 469 2198 domino
484 2156 516 2198 ea
529 2155 582 2218 que
597 2137 632 2199 ab
646 2156 681 2198 eo
692 2149 788 2199 tenent
801 2135 872 2196 infra
883 2149 989 2198 certum
1003 2149 1112 2215 tempus
1126 2134 1173 2196 diu
1187 2133 1305 2213 lapsum.

306 2249 373 2311 245.
404 2240 483 2308 Item,
503 2233 587 2314 qued.
617 2233 711 2294 lietera
738 2232 847 2294 duobus
873 2232 989 2313 sigillata
1015 2231 1110 2312 sigillis
1139 2231 1168 2292 in
1194 2229 1340 2312 pendenti,

266 2325 367 2406 scripta
390 2328 442 2389 sub
467 2348 539 2396 anno
566 2329 618 2390 oni
647 2333 937 2404 M⁰CCC⁰XX1⁰,'vu⁰
958 2327 1070 2390 kalend.
1089 2325 1253 2403 novenbris,
1270 2345 1342 2390 oon·
1453 2349 1454 2408 j

263 2421 354 2484 tineus
369 2423 444 2504 quod
461 2424 537 2486 dom.
555 2425 690 2486 Hemicus
705 2426 832 2505 oalphmi
848 2424 1007 2506 mteuensis
1027 2423 1143 2497 electus,
1157 2442 1257 2503 regens
1274 2422 1344 2484 Dal-

265 2521 418 2599 phinatum,
435 2522 577 2584 confessus
598 2523 649 2584 fuit
672 2543 702 2584 se
717 2523 822 2585 debere
834 2523 912 2584 dom⁰
927 2521 1066 2584 Cumrado
1086 2519 1175 2606 militi,
1192 2519 1342 2583 habitatori

266 2617 377 2694 Tullini‚
391 2626 418 2678 M
434 2632 461 2680 et
475 2626 538 2680 Vllc
553 2631 580 2680 et
589 2639 616 2680 xr
627 2619 884 2684 librasetxsolidos
893 2619 1041 2693 viennen,
1052 2629 1213 2699 computato
1227 2624 1343 2680 Turono

264 2733 314 2793 pro
325 2733 361 2775 xx
375 2713 484 2790 denam,
502 2735 570 2795 quas
584 2714 674 2776 dictus
688 2717 862 2777 Cumrandus
880 2716 1001 2778 solverat
1020 2715 1150 2778 mandato
1149 2714 1235 2794 dicti
1251 2714 1343 2778 domi·
1453 2721 1454 2728 ’

264 2809 292 2870 ni
310 2810 391 2872 certis
405 2810 532 2890 personis
546 2812 683 2874 contentis
697 2813 725 2874 in
735 2812 808 2875 dicta
824 2813 914 2875 littera
933 2825 952 2872 ¹.

304 2906 371 2984 246.
390 2914 468 2982 Item,
484 2907 570 2987 quod.
585 2907 621 2970 al.
635 2909 847 2972 instrumentum
861 2909 904 2990 (ut
921 2926 954 2986 23
965 2909 1004 2989 ς),
1016 2907 1162 2971 continens
1177 2908 1340 2988 homagium
1453 2915 1454 2920 ’

262 3001 355 3083 ligium
370 3004 405 3065 de
422 3023 541 3084 persona
563 3004 664 3068 factum
684 3025 733 3084 per
751 3007 904 3068 iohannem
918 3005 954 3066 de
981 3005 1117 3069 Liberoue
1145 3004 1183 3068 do
1213 3004 1340 3068 Cabeoio

262 3099 341 3164 dom0
364 3100 494 3181 delphino
509 3115 537 3162 et
550 3101 696 3164 terminum
711 3101 905 3184 assignationis
928 3101 963 3164 ad
981 3101 1240 3182 recognoscendum
1269 3100 1340 3164 infra

262 3209 367 3259 certum
377 3210 486 3276 tempus
495 3197 549 3275 jam
565 3198 701 3277 elapsum.

301 3311 368 3372 247.
387 3299 465 3370 item,
480 3294 564 3374 qued.
583 3293 677 3356 lictere
698 3294 810 3374 antique
827 3294 929 3374 scripte
946 3293 1021 3374 apud
1047 3300 1179 3358 Sanctum
1201 3295 1340 3358 Valerium
1453 3283 1454 3368 ἦ

260 3409 332 3452 anno
352 3389 405 3452 Diti
422 3390 491 3452 mitto
505 3389 592 3472 (CC0)
605 3397 665 3465 XL,
680 3409 774 3452 mense
791 3391 899 3466 marcii,
912 3390 960 3453 ‘die
976 3390 1065 3452 sabati
1078 3404 1143 3454 ante
1157 3391 1258 3454 festum
1266 3391 1339 3455 beati
1453 3385 1454 3436 j

260 3487 397 3567 Gregorii,
410 3487 582 3550 continentes
592 3486 667 3568 quod
682 3487 760 3548 doma
776 3487 912 3561 Beatrixs,
925 3486 1021 3548 relicta
1035 3487 1154 3550 condam
1169 3488 1245 3550 dom'
1259 3495 1339 3552 Gue-
1453 3503 1454 3566 ξ

258 3583 309 3646 lisii
321 3583 356 3644 de
370 3589 471 3647 Sancto
483 3584 615 3662 Georgio‚
633 3583 710 3646 dedit
725 3583 753 3646 in
767 3584 860 3648 dotem
875 3603 926 3662 pro
943 3581 1038 3659 Alisia,
1054 3582 1243 3658 filiaeondam
1260 3584 1339 3646 Ade—
1453 3625 1454 3668 t

259 3679 336 3742 marii
350 3680 386 3742 de
408 3685 510 3742 Sancto
525 3681 657 3761 Georgio‚
678 3681 757 3744 dom⁰
772 3681 909 3760 amalrico
924 3681 959 3742 de
970 3686 1097 3762 Turreyo
1112 3681 1339 3746 domumetcas-
1453 3677 1454 3756 t

233 3787 236 3792 “
258 3791 330 3838 trum
345 3777 380 3837 de
396 3779 485 3859 Vinay
498 3793 527 3841 et
540 3779 632 3842 omnia
648 3800 702 3860 que
716 3780 836 3842 habebat
854 3779 883 3842 iu
900 3791 991 3844 castro
1020 3777 1112 3840 Sancti
1141 3777 1254 3858 Georgii
1266 3790 1295 3840 et
1308 3777 1336 3838 in
1453 3815 1454 3828 ,

259 3874 347 3954 burgo
361 3873 425 3941 dicti
439 3875 502 3937 loci.

299 3971 366 4049 248.
392 3977 470 4045 item,
500 3973 583 4052 qued.
603 3974 655 4036 alie
679 3975 773 4037 liotore
793 3974 895 4054 scripte
920 3991 993 4036 anno
1030 3972 1085 4036 ont
1116 3976 1333 4043 tucetxttxo,

298 4186 319 4224 1.
335 4171 373 4226 En
387 4175 454 4228 mai
470 4172 575 4230 Litacio.
