2844 4900
705 419 926 486 ..106-..

257 558 528 630 Mocccoxxxtxo,
555 553 600 618 die
615 572 673 616 xxn
699 552 918 629 montismuri,
945 551 1091 628 continens
1108 550 1334 632 recognicionem

256 649 448 730 homagiorum
472 649 610 731 Eyrnerici
631 649 667 714 de
691 650 787 726 vado,
806 648 964 728 condomini
988 648 1023 709 de
1041 647 1122 724 Vivo,
1144 646 1280 709 Iohannis
1300 647 1335 710 de

256 753 383 828 Cogneto
403 760 431 812 et
451 745 570 828 plurium
592 747 708 810 ahorum
728 746 861 812 nobilium
879 747 908 808 ln
925 746 1107 810 instrumento
1124 757 1335 817 contentorum,

256 844 302 926 qui
320 843 432 925 quidem
450 844 558 907 nobiles
578 858 641 918 suut
654 845 913 909 mandamentorum
927 842 1000 920 Viri,
1019 841 1126 917 Varsie,
1147 841 1284 918 Parisius,
1302 842 1337 904 de

259 949 353 1022 Vorey
366 953 395 1002 et
408 940 444 1004 de
462 947 553 1004 IIura.

302 1036 367 1117 562.
384 1044 463 1113 Item,
480 1038 566 1118 quod.
582 1037 660 1118 publ.
676 1037 888 1100 instrumentum
907 1036 1041 1116 scriptum
1059 1053 1143 1097 manu
1162 1034 1241 1098 Petri
1257 1041 1339 1098 Asse·

257 1133 316 1210 lini,
332 1133 386 1196 sub
396 1153 470 1197 anno
487 1134 541 1196 Diri
554 1137 754 1211 nvltctxxn,
765 1147 800 1196 ιιο
811 1132 1037 1208 kalendmatcii,
1047 1131 1194 1194 continens
1207 1131 1339 1212 homagia

258 1229 372 1311 prestita
388 1229 466 1292 dom⁰
483 1236 567 1292 Petro
579 1231 705 1294 Auruscii
719 1250 769 1311 per
788 1231 963 1294 Guillelmum
985 1237 1102 1292 Estoma
1120 1242 1149 1290 et
1166 1229 1339 1309 Stephanum

260 1327 378 1406 Sillardi.
1028 1335 1031 1344 '

303 1424 366 1506 563·
396 1431 475 1502 Item,
497 1424 582 1506 quod.
609 1425 823 1488 instrumentum
843 1425 888 1506 (ut
913 1425 992 1507 506),
1014 1423 1158 1487 continens
1177 1421 1340 1502 homagium

258 1521 353 1604 ligium
373 1522 516 1614 prestitum
532 1523 610 1585 dom⁰
624 1521 756 1604 dalphino
768 1541 818 1603 per
836 1522 1002 1605 uymimum
1012 1522 1047 1585 de
1063 1519 1228 1584 Chamondo
1243 1533 1274 1584 et
1286 1532 1341 1582 ter·

258 1639 399 1686 minum...

304 1717 368 1797 564.
395 1723 474 1792 Item,
492 1736 521 1797 q.
541 1716 618 1797 publ.
633 1717 844 1780 instrumentum
862 1717 901 1797 (ut
918 1715 998 1798 506),
1014 1715 1158 1779 cananeus
1178 1714 1341 1796 homagium

259 1814 352 1895 ligium
366 1813 510 1895 prestitum
524 1832 575 1894 per
587 1813 799 1878 Guillelmonum
810 1813 846 1876 de
856 1812 985 1876 Citerino
999 1826 1027 1874 et
1039 1811 1280 1893 assignationis...

304 1911 368 1990 5⁶5·
397 1917 476 1987 Item,
502 1910 537 1972 al.
562 1910 790 1986 instrumentum,
816 1923 843 1975 ut
865 1911 987 1992 protea,
1013 1909 1157 1974 continens
1178 1909 1341 1992 homagium

259 2008 354 2090 ligium
366 2008 510 2090 prestitum
523 2009 601 2072 dom⁰
618 2009 749 2092 dalphino
767 2029 818 2090 per
832 2016 980 2090 Hugonem
997 2008 1033 2072 de
1054 2006 1180 2070 Cizerino
1197 2018 1225 2069 et
1241 2006 1343 2075 termi-

261 2124 402 2168 murum...

303 2201 371 2283 566.
401 2209 480 2278 Item,
508 2202 544 2264 al.
578 2202 655 2284 publ.
682 2202 894 2265 instrumentum
928 2201 1061 2282 scriptum
1094 2217 1177 2261 manu
1204 2198 1343 2264 Iohannis

264 2297 408 2361 Benedicti
433 2298 539 2375 clerici,
566 2300 712 2362 continens
741 2298 965 2380 recognicionem
993 2296 1185 2380 homagiorum
1204 2316 1344 2378 quorum-

263 2398 327 2460 dam
355 2396 488 2458 nobilium
518 2396 699 2476 inlrascript.,
734 2409 762 2458 et
787 2396 877 2476 primo
898 2395 1034 2458 Guillelmi
1054 2395 1090 2456 de
1114 2393 1218 2456 Briono
1236 2395 1345 2456 condo-

263 2495 330 2558 mini
353 2494 418 2560 dicti
440 2494 505 2570 loci,
525 2495 657 2556 Iohannis
675 2495 711 2556 de
729 2501 836 2570 Tanco,
861 2494 1000 2578 Aymareti
1025 2493 1135 2556 Garcini
1155 2505 1190 2565 et
1203 2493 1344 2556 Guillelmi

264 2591 397 2665 Marcelli,
413 2590 509 2652 Iacobi
524 2599 640 2666 Rantru,
658 2592 781 2653 arnaudi
794 2591 830 2654 de
846 2597 931 2672 Sapo,
946 2591 1079 2655 Iohannis
1096 2589 1210 2654 Chalani
1227 2604 1259 2655 et
1279 2591 1346 2672 plu-

263 2688 334 2752 rium
350 2687 466 2750 aliorum
480 2688 508 2749 in
520 2688 582 2769 ipso
596 2689 779 2752 instrumento
793 2701 997 2752 contentorum.
1119 2761 1121 2764 ¹

308 2784 372 2864 567.
397 2791 476 2859 Item,
495 2785 580 2865 quod.
598 2785 634 2848 al.
651 2785 863 2848 instrumentum
877 2785 915 2866 (ut
931 2783 1010 2867 506),
1026 2783 1171 2846 continens
1181 2783 1345 2865 homagium

262 2880 358 2962 ligium
370 2881 514 2960 prestitum
525 2881 742 2963 domldalphino
754 2889 804 2963 per
815 2889 928 2946 Petrum
940 2881 1105 2963 Baquellerh
1118 2894 1147 2944 et
1154 2881 1343 2944 terminum...

309 2977 374 3056 568.
393 2985 472 3053 Item,
491 2979 577 3059 quod.
598 2979 675 3060 publ.
697 2980 910 3044 instrumentum
927 2979 1060 3060 scriptum
1082 2997 1165 3044 marm
1183 2977 1296 3040 Martini
1310 2978 1346 3040 de

264 3074 448 3152 condamina,
463 3075 609 3138 continens
622 3076 741 3140 vidimus
755 3076 900 3156 cujusdam
918 3077 1024 3150 littere,
1040 3076 1074 3136 in
1085 3095 1139 3156 qua
1155 3075 1253 3138 lietera
1269 3095 1344 3138 con-

262 3171 365 3235 tinetur
391 3172 474 3252 quod.
489 3172 564 3234 dom.
592 3175 753 3251 IIunhertus
775 3173 921 3254 delphinus
944 3187 972 3236 et
991 3172 1071 3234 doma
1090 3179 1169 3235 Anna
1190 3173 1250 3252 ejus
1273 3193 1347 3236 uxor

265 3272 464 3331 concesserunt
486 3269 564 3331 dom⁰
581 3271 696 3333 Gastoni
712 3270 867 3333 vicecomiti
888 3270 981 3332 Biardi
996 3283 1024 3332 et
1037 3269 1115 3334 dom⁰
1128 3269 1271 3351 memmei)
1291 3272 1348 3334 do-

262 3365 339 3428 mine
355 3365 526 3447 Fucigniaci,
540 3367 703 3446 ejusuxori,
717 3368 754 3430 ad
768 3368 853 3433 vitam
862 3367 948 3449 ipsius
960 3367 1082 3431 dom⁰B.
1091 3379 1212 3434 castrum
1225 3381 1254 3430 et
1267 3388 1347 3430 man·

264 3461 423 3526 damentum
440 3464 581 3546 Oysencii,
598 3465 692 3526 visilie
707 3478 737 3528 et
752 3465 870 3546 plurium
885 3464 1012 3528 aliorum.

308 3557 372 3638 569.
396 3566 476 3635 Item,
497 3560 583 3641 quod.
602 3560 638 3622 al.
665 3562 743 3641 publ.
767 3561 978 3624 instrumentum
1005 3559 1137 3640 scriptum
1158 3579 1243 3624 manu
1267 3559 1346 3622 Petri

264 3655 382 3718 asselini
402 3657 513 3733 notarii,
541 3659 686 3732 continens
709 3660 784 3740 quod
809 3659 947 3740 Guigona,
974 3679 1045 3722 uuor
1064 3658 1183 3722 condam
1208 3657 1348 3733 Ramussii

267 3752 369 3813 Montis
391 3754 492 3830 Fortis,
517 3756 643 3818 vendidit
666 3757 799 3838 Syboudo
821 3757 858 3818 de
882 3763 980 3820 Castro
1003 3762 1086 3819 Novo
1103 3775 1130 3818 ιιι
1152 3755 1268 3820 sestaria
1288 3753 1348 3816 vini

265 3849 333 3928 puri
343 3867 442 3912 census
457 3871 510 3932 que
524 3852 645 3916 habehat
658 3852 686 3914 in
700 3853 846 3934 parrochia
860 3853 897 3916 de
909 3859 1049 3928 Cotoneo,
1064 3852 1196 3934 scripturn
1208 3851 1347 3914 subanno

267 3947 475 4010 M⁰II⁰LIIVII⁰.

310 4060 374 4121 570.
397 4048 476 4120 Item,
503 4046 539 4107 al.
564 4049 640 4128 publ.
664 4049 876 4111 instrumentum
896 4047 1029 4128 scriptum
1051 4066 1133 4109 manu
1160 4045 1244 4126 Guig.
1271 4050 1349 4104 Fru-

266 4139 350 4203 menti
367 4152 440 4216 not,
458 4141 509 4205 sub
525 4162 598 4207 anno
623 4144 676 4205 nni
692 4140 979 4222 Mocccoxxxllw,
996 4144 1040 4211 die
1058 4141 1254 4218 latebrosam,
1272 4159 1348 4204 con-
