2936 4898
719 461 877 522 -4,-

163 593 169 604 1·
274 601 277 614 ‚
307 593 370 656 ¹99·
389 583 468 650 leem,
487 575 570 656 qued.
587 575 665 638 litere
692 574 868 656 pergaminee
888 585 1013 636 emanate
1037 571 1200 652 amagistro
1217 577 1332 652 Hugooe

262 671 297 732 de
309 677 419 734 Gereno
430 668 539 734 officiali
552 671 668 748 vienne,
685 670 858 733 continentes
873 669 1020 750 quamdam
1035 667 1265 747 compositionem
1285 685 1333 728 seo

262 768 439 830 concordiam
454 769 555 831 lamam
572 768 644 830 inter
659 767 788 830 abbatem
804 766 897 828 Satrcti
911 765 1021 827 hndree
1036 762 1212 838 Viennensis,
1230 782 1265 826 ex
1280 783 1334 824 una

261 878 351 946 parte,
368 878 396 926 et
419 864 495 926 dom.
511 864 674 926 Randunem
693 863 834 926 dominum
857 862 1001 926 Belliuisus
1014 861 1049 923 de
1066 868 1162 922 ldarco
1176 859 1294 922 condam
1309 874 1336 922 et
1455 895 1456 898 =

263 961 388 1027 homines
404 961 468 1024 uille
483 974 511 1024 et
525 960 669 1042 parrochie
682 961 717 1022 de
735 960 872 1043 Moydies,
892 967 1136 1039 ex'aloera,super
1150 977 1201 1020 usu
1218 976 1335 1038 pesque·
1455 1009 1456 1024 ,

263 1058 343 1140 regii,
359 1079 503 1140 aquarum,
518 1078 675 1134 nemorum,
690 1058 818 1121 itinerum
829 1071 857 1120 et
865 1058 972 1120 viarum
987 1070 1060 1118 terte
1075 1055 1141 1118 dicti
1156 1054 1260 1116 domini
1275 1054 1337 1116 Bel·
1455 1101 1456 1112 ,

217 1221 220 1230 ,
263 1154 368 1230 livilrue,
392 1155 508 1236 sigillate
530 1155 619 1236 sigillo
640 1155 726 1235 ipsius
751 1155 827 1216 dom.
855 1153 990 1230 officialis,
1011 1153 1075 1216 date
1105 1165 1133 1214 et
1147 1152 1248 1232 scripte
1264 1162 1336 1211 rttrua
1455 1183 1456 1236 3

263 1251 376 1313 kalend.
394 1251 500 1326 marcii,
522 1271 597 1313 anno
613 1252 666 1312 Diti
678 1258 898 1312 M⁰CC0LXXX.

305 1366 372 1409 200.
393 1355 471 1424 Item,
486 1347 569 1428 qued.
586 1348 664 1410 litere
674 1348 852 1429 pergaminee
868 1360 995 1428 patentes
1008 1346 1125 1427 sigillate
1139 1345 1228 1408 tribus
1244 1342 1338 1424 sigillis
1455 1333 1456 1352 ²

264 1446 435 1518 auctenticis,
458 1445 631 1508 continentes
656 1446 813 1526 homagium
835 1457 863 1507 et
890 1444 1109 1525 recognitionem
1133 1444 1232 1504 iactam
1259 1441 1339 1502 dome

266 1543 383 1605 Beatrici
407 1542 535 1623 delphine
553 1544 670 1605 condam
686 1561 738 1623 per
763 1542 918 1624 Guigorrem
942 1542 977 1603 de
1002 1539 1167 1603 Rancurello
1181 1543 1246 1620 cap,
1264 1545 1340 1600 Her·
1455 1569 1456 1612 t

265 1640 407 1715 ruitanum,
430 1641 586 1702 Ardencum
606 1654 626 1714 ¹,
647 1647 808 1722 hymmum,
825 1639 984 1702 Ancelmum
1005 1653 1034 1700 et
1052 1636 1212 1700 Amandum
1225 1636 1345 1710 iratres,
1455 1627 1456 1702 ξ

266 1739 378 1803 Petrum
392 1751 420 1800 et
430 1737 589 1818 Arnaudum
605 1736 676 1799 lilios
690 1737 810 1800 condam
824 1734 986 1811 hmaudoti,
1013 1735 1140 1797 dominos
1162 1733 1197 1795 de
1224 1739 1340 1794 Rauou-
1455 1723 1456 1758 ³

264 1836 342 1912 rello,
358 1835 392 1898 de
407 1834 482 1897 dicto
498 1849 590 1896 castro
605 1835 761 1896 Rancurelli
771 1833 910 1908 reddibili,
927 1828 1030 1914 scripte
1053 1849 1127 1894 anno
1142 1831 1178 1892 ab
1197 1837 1336 1892 lucarnat.
1455 1819 1456 1870 1

268 1933 320 1995 oni
336 1936 593 2006 tt⁰cc⁰xxxvt10‚
609 1944 650 1992 xt²
666 1930 779 1992 kalend.
795 1929 872 2010 junii.

305 2049 373 2093 zor.
391 2037 470 2103 Item,
485 2029 570 2110 quod.
589 2027 708 2089 vidimus
715 2028 817 2090 facturn
829 2045 923 2090 coram
938 2024 1047 2088 oihciali
1064 2026 1181 2100 vienne,
1205 2022 1340 2104 scriptum
1455 2091 1456 2100 ,

265 2125 489 2188 maaulohannis
505 2125 541 2186 de
555 2131 626 2186 Cors
638 2124 737 2186 notarii
749 2123 827 2205 publ.
843 2123 895 2187 sub
911 2123 1336 2195 annoouiu⁰ccc0xxx111⁰,
1455 2193 1456 2202 ἵ

266 2223 410 2286 continens
424 2222 558 2304 quasdam
572 2221 709 2284 clausulae
720 2221 879 2282 testamenti
893 2220 965 2281 dom¹
978 2219 1113 2301 Guigonis
1135 2217 1239 2280 domini
1255 2216 1342 2279 Belli-

265 2320 352 2394 visus,
367 2319 395 2380 in
417 2319 517 2400 quibus
535 2319 665 2381 clausulis
680 2317 827 2380 ordinabat
851 2316 942 2379 dictus
955 2316 1083 2379 dominus
1100 2315 1246 2377 Belliuisus
1268 2313 1339 2375 duas
1386 2310 1388 2318 '

265 2414 385 2496 capellas
407 2428 435 2476 et
461 2415 577 2476 tercium
607 2414 781 2477 sacerdotem
811 2413 1013 2476 deservientem
1039 2413 1067 2475 in
1093 2412 1171 2494 ipsis,
1187 2424 1216 2473 et
1231 2411 1338 2472 eisdem

218 2511 223 2520 '
265 2511 378 2573 volebat
409 2511 549 2592 provideri
577 2531 661 2592 super
697 2509 850 2573 redditibus
877 2509 1021 2572 Bellivieus
1057 2510 1092 2572 de
1121 2517 1216 2572 Marco
1249 2521 1279 2569 et
1307 2506 1342 2568 de
1455 2595 1456 2602 ἵ

268 2607 368 2670 Pineto
377 2621 405 2670 et
418 2627 502 2690 super
518 2608 682 2690 quibusdam
703 2606 866 2670 molendinis
880 2606 966 2688 ipeius
978 2607 1083 2668 domini
1101 2605 1263 2681 Bellivisus,

309 2721 377 2766 202.
396 2711 474 2780 Item,
498 2705 584 2784 quod.
603 2704 814 2766 instrumentum
834 2704 966 2785 scriptum
989 2723 1072 2766 manu
1087 2704 1171 2785 Guig.
1187 2701 1343 2778 Frumenti,
1455 2689 1456 2732 ³

268 2803 321 2866 sub
333 2822 407 2865 anno
423 2802 538 2866 Nativit.
571 2803 624 2864 Dr'ri
653 2809 943 2879 moeccoxxxtlrto,
961 2801 1057 2864 indict.
1077 2815 1120 2876 11²,
1136 2802 1181 2864 die
1191 2815 1234 2863 111³
1248 2819 1340 2866 mens.
1455 2781 1456 2838 l

266 2897 392 2978 januarii,
410 2899 556 2962 continens
583 2900 740 2981 homagium
765 2900 860 2981 ligium
874 2900 976 2962 lactum
992 2899 1177 2980 pernobilem
1194 2907 1345 2980 llugonem
1455 2895 1456 2898 ’

267 2996 417 3059 Bermuudi
430 2997 465 3058 de
481 2997 655 3060 Bellovidere
680 2997 709 3059 in
740 2997 862 3080 Royanis
878 2995 956 3058 dom⁰
970 2996 1101 3078 delphino
1116 3010 1145 3059 et
1174 2995 1347 3076 assignatio-
1455 2993 1456 3056 j

269 3115 332 3158 nem
344 3097 445 3157 laetam
461 3115 512 3176 per
532 3095 674 3158 dominum
691 3095 765 3158 dicto
792 3102 866 3175 Hug.
884 3095 956 3156 inira
977 3085 1085 3157 certum
1114 3093 1264 3156 terminum
1288 3091 1347 3172 jam
1455 3085 1456 3094 ’

267 3193 387 3274 lapsum,

308 3308 376 3368 203.
392 3297 471 3367 item,
488 3289 574 3371 quod.
588 3289 800 3351 instrumentum
814 3302 958 3368 receptum
970 3307 1054 3350 manu
1069 3286 1169 3353 Humb¹
1186 3285 1280 3361 Pilati,
1292 3288 1347 3350 sub
1455 3291 1456 3344 l

268 3407 341 3452 amo
352 3388 466 3450 nativit.
482 3387 536 3448 ori
548 3385 906 3462 u⁰cccoxxv11⁰,indict.
918 3400 981 3462 vna,
993 3385 1078 3448 utera
1088 3385 1347 3462 nemiseotoarii,
1455 3373 1456 3422 l

268 3490 412 3551 continens
441 3487 599 3567 homagium
627 3484 721 3566 ligium
737 3484 840 3546 lactum
854 3501 905 3563 per
931 3482 1007 3544 dom.
1036 3482 1196 3546 arnaudum
1213 3482 1252 3544 de
1264 3485 1350 3564 Rupe
1455 3471 1456 3552 J

270 3584 346 3646 Furti
367 3583 479 3646 militem
494 3584 572 3645 dom⁰
588 3581 719 3663 delphino
741 3563 774 3643 et'¹
791 3579 1008 3661 recognitionem
1025 3599 1075 3660 per
1095 3599 1157 3642 euru
1186 3579 1291 3640 factam
1312 3579 1351 3640 de
1455 3585 1456 3606 ³

269 3680 320 3742 hiis
330 3700 383 3761 que
399 3680 484 3742 habet
496 3681 524 3741 in
539 3693 630 3742 castro
643 3676 833 3758 Austheduni²
842 3677 953 3738 nomine
963 3676 1057 3738 uxoris
1067 3696 1117 3739 sue
1131 3688 1159 3738 et
1173 3676 1248 3756 apud
1263 3676 1348 3758 Cley.
1455 3677 1456 3750 J

311 3795 378 3856 204.
397 3785 476 3854 Item,
491 3777 574 3858 qued.
593 3776 671 3839 litere
681 3789 809 3837 emanare
821 3774 856 3836 ab
866 3772 975 3836 olhciali
990 3773 1066 3834 curie
1085 3771 1227 3852 Lugduni,
1241 3772 1352 3834 bullate
1455 3785 1456 3840 ἶ

270 3872 297 3935 in
311 3866 442 3956 pendenti
463 3873 538 3935 bulla
554 3872 683 3953 plumbea
699 3885 727 3934 et
743 3871 833 3953 sigillo
857 3869 929 3932 dicte
945 3870 1021 3932 curie
1048 3868 1193 3950 Lugdun„
1223 3869 1290 3930 data
1320 3881 1352 3930 et

270 3971 372 4052 scripta
385 3989 458 4032 anno
474 3969 527 4030 ori
543 3976 749 4044 M⁰C00XLll⁰‚
766 3987 860 4030 mense
874 3967 995 4048 augusti,
1016 3967 1190 4028 continentes
1205 3965 1349 4048 quandam
1455 3957 1456 3978 ’

311 4192 332 4230 r.
348 4175 369 4227 A
383 4171 510 4228 Ardicum.
527 4201 560 4212 -
577 4187 601 4228 2.
613 4172 647 4224 Aa
660 4171 765 4227 Hosted.
816 4189 819 4195 ·
