2936 4898
546 491 703 563 ..⁶7-

141 633 198 694 341.
218 625 296 696 Item,
309 619 407 702 quod.
434 619 552 682 vidimus
575 621 712 683 informa
734 619 844 702 publica
870 639 953 683 manu
974 621 1106 705 aymonis
1124 621 1159 683 de

106 716 185 774 Toma
199 715 247 775 Fol
263 714 299 776 de
316 723 411 779 Monte
425 717 540 797 Lupello
562 717 698 798 signatum
714 732 742 781 et
756 716 888 800 scripturn
911 738 993 780 manu
1008 719 1111 781 Alberti
1125 719 1161 782 de

106 808 201 890 Brayda
210 811 380 873 notariorum
404 812 521 894 public,
538 814 590 875 sub
606 833 679 876 anno
695 814 783 876 Dirice
802 822 912 878 lncarn.
939 821 1103 892 M⁰CCC⁰I⁰,
1117 815 1161 878 die

104 907 254 968 immensis
276 909 410 983 octobris,
426 910 571 972 continens
594 911 669 992 quod
684 918 772 994 aymo
794 912 829 974 de
851 913 1004 975 Bossulello
1023 928 1043 990 ¹,
1069 913 1162 975 domi-

104 1017 147 1060 nus
167 1002 199 1064 de
214 1004 287 1066 Malo
304 1011 390 1082 Boeo,
412 1025 464 1086 pro
485 1024 515 1068 se
532 1013 561 1068 el
574 1005 724 1070 heredibus
740 1021 768 1070 et
792 1007 998 1071 successoribus
1015 1009 1072 1071 suis
1093 1027 1163 1070 con-

104 1096 179 1161 lessus
202 1101 252 1163 luit
281 1099 308 1163 'et
334 1103 502 1166 inveritate
531 1103 695 1185 recognovit
721 1123 752 1166 se
770 1116 899 1167 tenerea
921 1104 1068 1188 magnifico
1084 1106 1160 1168 dom.
1248 1183 1251 1190 1

105 1197 246 1262 Humbert'o
263 1200 393 1282 dalphino
407 1201 557 1264 Viennensi
571 1202 740 1284 dominoque
757 1202 791 1264 de
807 1209 906 1280 Turre,
925 1203 1032 1267 ratione
1048 1203 1164 1267 baronie

105 1291 133 1355 dc
156 1303 251 1374 Turre,
278 1298 307 1360 in
327 1294 439 1361 feudum
458 1319 515 1361 non
537 1311 630 1362 tamen
652 1298 787 1362 reddibile
814 1320 870 1376 res,
891 1314 981 1363 castra
1003 1317 1030 1363 et
1050 1301 1165 1364 manda·

104 1407 183 1456 menta
195 1396 266 1457 inira
282 1397 384 1478 scripta
396 1410 424 1458 et
444 1395 643 1478 infrascriptas,
659 1397 744 1460 videl.
758 1411 879 1460 castrum
899 1399 935 1460 de
951 1399 1024 1461 Malo
1044 1405 1119 1461 Beco
1136 1413 1164 1460 et

103 1483 178 1553 totum
203 1494 427 1556 mandamentum
443 1495 529 1576 ipsius
548 1495 641 1572 castri,
657 1495 722 1558 item
737 1510 857 1558 castrum
886 1511 913 1559 et
941 1497 1164 1560 mandamentum

105 1584 133 1648 de
152 1587 190 1652 las
209 1597 354 1672 hispanas,
374 1589 440 1655 item
461 1605 582 1654 castrum
605 1611 654 1654 seu
680 1592 811 1675 poypiam
832 1593 867 1654 de
885 1593 1073 1676 Monlyopart,
1100 1594 1165 1684 item

107 1700 214 1750 castrum
230 1708 279 1752 seu
298 1687 462 1752 fortalicium
481 1691 516 1752 de
544 1690 712 1772 Pusigniaco
734 1703 763 1752 et
786 1703 876 1752 totum
899 1690 1012 1752 feudum
1033 1688 1108 1770 quod
1128 1689 1165 1750 illi

106 1781 135 1844 de
160 1787 324 1868 Pusigniaco
349 1798 445 1850 tenent
466 1788 494 1849 in
516 1788 629 1850 feudum
655 1808 671 1850 a
701 1787 774 1850 dicto
799 1795 939 1870 hymone3
961 1787 1026 1850 item
1055 1786 1166 1848 racione

107 1878 161 1942 dicti
174 1880 353 1966 Dalphinatus
371 1883 546 1961 Viennensis,
565 1885 676 1946 domum
690 1897 717 1946 et
728 1884 841 1946 feudum
858 1885 892 1945 de
907 1884 996 1964 Rippa
1011 1880 1164 1958 Bondrieu,

106 1973 161 2038 item
177 1980 266 2044 villam
278 1981 313 2043 de
328 1981 479 2058 Vermella3
504 1980 569 2043 item
583 1994 610 2042 et
623 1981 735 2043 racione
749 1980 863 2042 baronie
879 1980 913 2041 de
934 1987 1034 2056 Turre,
1049 1979 1163 2052 Vireuz,

109 2078 248 2153 Lessartos,
259 2075 325 2140 item
342 2097 471 2159 magnum
485 2077 537 2139 iter
563 2077 703 2158 publicum
718 2076 811 2138 Sancti
824 2075 938 2154 Albani3
958 2075 1023 2138 item
1040 2075 1166 2158 quitquid

108 2169 172 2233 idem
186 2181 271 2258 hymo
286 2176 369 2238 habet
382 2191 409 2236 et
422 2173 525 2236 habere
537 2188 629 2256 potest
638 2195 688 2256 per
702 2195 732 2238 se
747 2174 791 2236 vel
805 2194 855 2256 per
865 2174 946 2236 alium
961 2175 1031 2237 infra
1046 2189 1166 2237 castrum

109 2279 133 2327 et
143 2271 307 2348 panochiam
323 2272 474 2354 Burgundii
490 2292 525 2333 ex
548 2291 720 2354 quacumque
735 2291 829 2347 causa,
848 2284 876 2333 et
888 2291 985 2333 omnes
1001 2285 1090 2334 terras
1105 2271 1167 2334 cul-

109 2376 146 2425 tas
158 2379 184 2428 et
195 2367 320 2444 incultas,
339 2382 428 2450 prata,
458 2389 583 2442 nemora,
602 2368 771 2446 molendina,
789 2380 898 2449 stagna,
915 2368 1060 2450 ripperias,
1080 2369 1169 2449 pisca·

111 2460 168 2536 tias,
182 2461 249 2542 jura,
263 2483 374 2541 census,
397 2465 523 2541 servicia,
540 2465 623 2528 feuda
638 2478 666 2526 et
677 2465 805 2546 homagia
826 2483 880 2546 que
899 2464 966 2527 dict.
983 2473 1108 2548 Aymo...
1124 2465 1169 2527 vel

111 2555 170 2619 alius
188 2559 220 2622 ab
248 2575 282 2622 eo
301 2561 373 2623 inira
399 2574 489 2623 castra
517 2576 546 2624 et
572 2561 766 2640 mandamenta
782 2560 917 2642 predicta,
942 2575 970 2623 et
996 2561 1061 2624 inde
1075 2561 1171 2624 habuit

113 2655 215 2718 occias²
234 2671 345 2720 centum
367 2657 451 2722 libras
465 2659 600 2722 Viennen.
619 2674 646 2722 et
663 2679 714 2740 pto
730 2659 861 2740 predictis
875 2659 993 2740 prestitit
1011 2660 1169 2741 homagium

115 2749 194 2832 ligium
208 2754 280 2817 dicto
299 2755 376 2818 dom.
390 2756 532 2837 dalphino,
549 2771 632 2838 prout
645 2745 696 2819 hec
712 2770 739 2818 et
753 2757 871 2838 quedam
887 2755 941 2818 alia
954 2755 1130 2820 continentur
1143 2756 1171 2817 in
1191 2759 1202 2787 ‘⁸

116 2847 178 2912 dicto
187 2851 378 2915 instrumento.

153 2949 406 3030 342.1tem,quod.
424 2949 460 3012 al.
479 2949 691 3011 instrumentum
717 2948 848 3028 scripturn
870 2968 953 3011 manu
984 2950 1066 3030 Guig.
1100 2955 1172 3009 Fru-

119 3045 188 3107 menti
212 3061 270 3108 not.
294 3045 377 3126 pub.,
398 3045 449 3106 sub
471 3065 544 3107 anno
564 3045 617 3108 Diri
634 3050 915 3118 moccc⁰xxxl111⁰,
944 3043 1029 3106 indic.
1063 3057 1106 3119 11²,
1128 3041 1172 3104 die

121 3153 176 3201 nvna
187 3143 284 3205 mensis
299 3141 441 3218 febroarii,
455 3141 600 3203 continens
617 3139 775 3221 homagium
803 3140 947 3221 prestitum
970 3159 1021 3220 per
1042 3139 1172 3201 Guiotum

124 3239 203 3322 Ferlay
214 3239 388 3302 domicellum
403 3238 514 3302 racione
525 3237 607 3301 castri
622 3238 723 3299 Montis
734 3237 859 3318 Luppelli
873 3251 970 3298 contra
984 3256 1080 3298 omnes
1107 3234 1174 3298 alias

124 3349 245 3412 personas,
262 3349 379 3416 excepta
406 3351 497 3398 tamen
525 3333 656 3396 fidelitate
682 3335 710 3395 in
738 3354 792 3415 qua
807 3347 918 3395 tenetur
940 3333 1030 3395 dictus
1058 3332 1174 3394 Guiotus

125 3426 214 3493 domino
229 3420 367 3510 miribelli,
385 3433 459 3515 quod
484 3431 641 3514 homagium
661 3429 781 3512 prestitit
792 3429 905 3492 domino
919 3443 1016 3491 nostro
1030 3429 1173 3510 dalphino,

125 3538 144 3585 et
153 3527 289 3593 terminum
302 3530 500 3612 assignacionis
515 3530 550 3591 ad
560 3528 817 3612 recognoscendum
830 3541 936 3590 certum
950 3540 1059 3608 tempus
1073 3526 1120 3589 diu
1134 3539 1176 3589 est

124 3619 221 3702 lapsum.

158 3738 215 3800 343.
232 3731 310 3802 item,
330 3725 414 3804 qued.
427 3724 522 3788 lietera
536 3724 682 3786 continens
692 3723 810 3803 aliquam
826 3721 1004 3784 concordiam
1020 3721 1055 3783 ad
1072 3733 1178 3784 tracta-

125 3828 172 3876 tum
183 3821 327 3883 amicorum
344 3822 444 3884 factam
469 3823 540 3884 inter
554 3821 699 3903 religiosos
713 3819 787 3880 viros
802 3817 879 3878 dom.
897 3816 1071 3880 Guillelmum
1089 3818 1180 3880 abba·
1254 3881 1257 3888 Α

126 3920 171 3971 ten
180 3928 205 3976 et
216 3933 382 3981 conventum
393 3918 549 3980 monasterii
564 3917 634 3980 Boni
645 3915 740 3988 Vallis',
755 3913 919 3976 Viennensis
932 3913 1061 3988 diocesis,
1076 3915 1180 3976 ordinis

128 4007 297 4076 cistarciensis
321 4029 343 4092 ³,
373 4035 408 4077 ex
429 4035 483 4076 una
511 4027 589 4094 parte
620 4026 647 4076 et
674 4011 844 4073 habitatores
872 4009 1017 4089 parrochie
1044 4009 1079 4071 de
1110 4010 1178 4071 Villa

162 4227 181 4265 t.
194 4215 224 4266 tla
236 4215 385 4270 Rossosello.
401 4245 435 4256 -
452 4231 477 4269 2.
492 4218 525 4269 Aa
544 4214 632 4269 occies.
650 4183 724 4283 —'3.
741 4212 761 4265 A
777 4211 849 4266 Sis...
