2842 4900
536 467 577 484 ...
601 453 656 516 ¹99
677 469 713 482 ..

5 583 6 614 t
103 561 267 628 Guichardus
289 564 390 640 roms,
410 565 552 630 lebannes
565 565 602 628 de
618 572 708 628 Fonte
719 565 756 628 de
769 573 907 648 Roesyeu,
931 565 1088 642 domicelli,
1102 564 1168 628 item

5 705 7 718 ι
103 660 265 726 dulchardus
276 674 304 724 et
320 660 468 724 Durandus
478 661 515 724 de
530 662 629 726 Rubeo
643 669 739 724 Monte
748 662 887 726 domiceli
894 661 1061 726 confitentur
1071 680 1168 726 eorum

5 777 6 792 ¹
100 758 250 838 juramentis
273 759 348 840 quod
368 759 525 822 lantelmus
544 759 590 822 ·de
617 759 811 824 Rubeomonte
828 760 991 824 domicellus
1016 772 1059 822 est
1085 759 1170 822 homo

5 867 7 930 ;
102 855 166 918 domi
187 855 330 936 dalphini;
349 855 382 917 it.
399 856 547 919 Durandus
569 855 605 919 de
631 856 828 922 Rubeomorrte
841 856 1005 922 domicellus
1023 828 1171 920 muitetur

101 951 167 1033 quod
180 952 320 1016 lohannes
337 952 374 1016 de
389 953 582 1018 Rubeomonte
596 954 655 1032 ejus
675 973 764 1036 nepos
777 969 820 1018 est
832 956 917 1018 homo
934 955 1009 1020 dom·
1023 955 1145 1036 dalphini
1160 975 1169 1032 3

5 1087 7 1096 ι
100 1049 127 1111 it
136 1049 273 1117 lebannes
288 1049 326 1112 de
340 1057 428 1115 Fonte
441 1064 470 1114 et
482 1052 624 1117 lohannes
646 1051 741 1114 Milleti
764 1051 860 1114 dieunt
884 1065 914 1116 et
942 1064 1069 1115 asserunt
1095 1052 1169 1134 quod

5 1135 7 1186 ’ἶ
102 1147 247 1227 Stephanus
264 1146 301 1208 de
317 1146 577 1210 Fontedomicellus
591 1147 726 1210 esthemo
748 1148 822 1212 dom¹
836 1148 961 1229 dalphini
977 1169 985 1226 3
1012 1149 1045 1212 it.
1068 1149 1171 1210 lohan-

100 1263 144 1306 nes
160 1244 297 1310 leobardi
312 1258 341 1308 er
354 1244 488 1308 Girardus
501 1245 560 1324 ejus
579 1243 664 1309 frater
685 1245 781 1310 dicunt
801 1245 876 1326 quod
889 1245 942 1328 ipsi
959 1258 1025 1310 aunt
1045 1245 1172 1310 homiues

6 1363 7 1420 g
100 1342 311 1424 dom¹dalphini

7 1506 8 1510 ,
138 1459 220 1519 ¹¹¹7·
246 1448 327 1514 Item,
347 1440 432 1522 qued.
454 1439 549 1504 lietera
567 1440 596 1502 in
609 1439 741 1522 pendenti
766 1438 895 1520 sigillata,
921 1438 1068 1504 continent
1096 1443 1172 1524 quod

7 1591 8 1600 ,
98 1537 261 1602 lohannetus
274 1535 347 1602 filius
369 1537 509 1618 quondam
537 1537 612 1601 Petri
638 1536 758 1600 Ribaudi
782 1534 897 1600 donavit
926 1536 1077 1600 detentione
1101 1557 1171 1619 pura

100 1633 170 1696 dono
185 1635 298 1716 Hugoni
309 1635 344 1698 de
360 1642 460 1712 Turre,
477 1635 630 1710 senescallo
654 1633 845 1714 lugdunensi,
861 1632 995 1715 quidquid
1009 1634 1077 1714 juris
1088 1619 1174 1700 hahe-

100 1730 142 1794 bat
158 1745 255 1798 contra
284 1732 440 1814 Nycolaum
464 1730 583 1794 Ribaudi
597 1744 725 1813 patruum
740 1749 833 1806 suum,
851 1728 1035 1794 habitatorem
1054 1732 1171 1811 vienne,

99 1829 144 1895 sub
156 1849 232 1896 anno
248 1831 303 1896 Dii
313 1833 590 1894 wttcuxxxvltu.

138 1927 220 1990 1118.
239 1927 367 2004 ltem,al.
383 1927 461 2008 publ.
476 1928 689 1992 instrumentum
703 1926 747 2007 (ut
763 1926 864 2009 1074),
880 1925 925 1990 die
939 1926 1109 1990 strumensis
1126 1927 1177 1990 de·

99 2025 222 2102 tembris,
251 2027 397 2090 continens
418 2025 576 2107 homagium
593 2024 738 2107 prestitum
759 2043 809 2106 per
834 2024 911 2088 dom.
939 2023 1115 2088 Goillelmum
1136 2026 1172 2090 de

9 2155 10 2160 κ
101 2120 204 2186 dolone
215 2121 330 2184 militem
344 2121 450 2185 ill¹viro
467 2121 543 2186 dom.
562 2121 718 2186 humberto
729 2120 861 2203 dalphino
880 2120 1030 2184 Viennensi
1043 2121 1171 2184 domino-

99 2219 384 2300 quellontisluppelli,
400 2217 546 2282 continens
557 2218 641 2282 etiam
651 2218 727 2299 quod
750 2218 840 2282 dictus
851 2218 929 2282 dom.
947 2218 1111 2281 Guillelmus
1126 2239 1174 2282 re-

9 2317 10 2334 ’
100 2318 226 2399 cognovit
244 2336 274 2380 se
290 2330 386 2382 tenere
409 2315 438 2378 in
463 2315 577 2380 feudum
601 2315 760 2380 hancuma
785 2315 860 2380 dicto
883 2316 961 2380 dom.
988 2315 1120 2397 dalphino
1143 2316 1172 2378 in

8 2405 10 2478 ζ
100 2415 290 2480 mandamento
302 2414 405 2479 Montis
415 2413 540 2495 Luppelli
557 2413 650 2494 plures
664 2431 765 2478 census
778 2426 806 2476 et
818 2413 944 2477 redditus
958 2425 986 2476 et
1000 2413 1094 2494 plures
1106 2413 1175 2478 alias

9 2545 12 2561 ·
101 2528 141 2572 res
152 2530 221 2593 quas
231 2510 433 2592 particulariter
443 2511 511 2574 alias
523 2511 686 2588 declarabit,
698 2511 844 2576 continens
858 2510 941 2574 etiam
955 2512 1175 2592 proteataciortes

101 2607 343 2690 lattasperdictas
352 2621 456 2689 partes.

10 2785 11 2789 Ἰ
141 2724 226 2788 ¹¹¹9·
244 2714 324 2782 Item,
342 2705 429 2788 quod.
446 2707 482 2769 al.
504 2706 582 2788 publ.
604 2706 817 2770 instrumentum
845 2706 889 2788 (ut
916 2707 1017 2790 1074),
1038 2707 1085 2770 die
1105 2719 1176 2768 xxu·

10 2827 11 2882 3
102 2803 196 2866 nensis
208 2802 512 2879 febroarii,.continens
535 2801 760 2885 recognicionem
778 2803 880 2868 factam
901 2803 938 2867 ill
952 2804 1068 2886 principi
1098 2804 1176 2868 dom⁰

10 2931 11 2938 ι
100 2914 189 2964 nostro
203 2901 232 2964 d.
251 2900 406 2967 Humberto
423 2900 572 2966 Viennensi
585 2900 717 2980 dalpbino
727 2919 777 2980 per
791 2900 887 2962 ven¹⁸m
897 2901 988 2964 virum
996 2900 1073 2962 dom.
1090 2907 1177 2962 Hum-

103 2997 205 3060 bertum
212 2999 247 3064 de
262 2998 370 3074 Balma,
382 2998 546 3062 canonicum
561 2996 655 3062 Sancti
663 2996 743 3059 Pauli
755 2997 960 3078 Lugdunensis,
976 2997 1023 3077 qui
1032 2998 1176 3061 coniemus

104 3093 191 3158 hutse
208 3095 344 3160 tenerein
357 3094 471 3158 ieudum
493 3095 618 3158 francum
640 3107 669 3158 et
689 3093 785 3162 nobile
810 3113 827 3156 a
849 3093 925 3158 dicto
951 3093 1028 3156 dona.
1044 3094 1177 3176 dalphino
1280 3095 1282 3102 ⁴

104 3203 226 3272 tanquam
242 3191 356 3256 domino
374 3192 476 3254 Montis
491 3191 628 3272 Luppelli,
652 3190 745 3254 omnia
758 3203 786 3255 et
801 3190 911 3271 singula
930 3204 985 3271 que
1004 3189 1072 3254 alias
1094 3210 1178 3254 reco-

106 3303 233 3367 gnoverat
246 3289 282 3352 ill¹
295 3289 412 3370 principi
422 3289 499 3352 dom⁰
513 3296 588 3370 Hug.
607 3289 671 3372 (leg.
686 3287 823 3370 Guigoni)
834 3286 1133 3368 dalphinoViennemi,
1148 3299 1178 3350 ut

106 3398 212 3448 cavetur
225 3387 253 3450 in
267 3386 354 3468 quod.
368 3385 446 3466 publ.
458 3385 641 3448 instrumento
651 3385 780 3448 coniecto
794 3402 878 3447 manu
891 3383 958 3446 dicti
975 3382 1075 3446 Humb¹
1083 3375 1176 3459 Pilati,

108 3481 237 3545 subanno
253 3483 310 3546 nni
322 3488 577 3557 tt⁰ccc⁰xxx1t⁰,
595 3481 640 3544 die
654 3494 714 3544 κη’
726 3481 828 3544 mensis
843 3479 964 3562 augusti,
988 3493 1016 3542 et
1041 3498 1093 3560 pro
1111 3499 1180 3560 pre-

10 3581 12 3654 ,
108 3577 183 3640 dictis
194 3579 259 3642 iecit
273 3581 432 3661 homagium
447 3579 523 3641 dicto
535 3579 613 3642 dom.
632 3577 776 3658 delphino,
791 3591 923 3659 tanquam
941 3575 1055 3642 domitto
1077 3576 1179 3642 umus

11 3689 12 3750 j
110 3677 237 3756 luppelli,
249 3689 278 3739 et
289 3696 341 3756 pro
356 3676 431 3740 dicto
447 3677 531 3739 teudo
557 3675 700 3740 confessus
717 3675 769 3738 fuit
787 3675 924 3738 sefacere
942 3674 1068 3757 quitquid
1089 3673 1180 3740 bonus

12 3861 13 3864 Ἴ
109 3773 234 3836 vassallus
252 3788 280 3838 et
293 3771 384 3836 fidelis
401 3793 452 3854 pro
466 3774 579 3836 domino
590 3789 641 3836 suo
650 3772 743 3837 facere
755 3785 849 3853 potest
862 3784 891 3835 et
903 3771 998 3836 debet.

149 3887 228 3936 tiro.
244 3880 323 3947 trem,
335 3871 423 3953 quod.
440 3871 518 3952 publ.
533 3871 745 3934 instrumentum
758 3869 890 3950 scriptum
905 3887 988 3933 manu
1002 3867 1136 3936 iohannis
1144 3869 1179 3934 de

112 3973 218 4034 Serveta
233 3970 267 4036 de
284 3970 403 4052 ueyrieu
425 3968 525 4035 notarii
546 3967 624 4050 publ.
638 3968 690 4032 sub
714 3985 788 4033 anno
809 3973 919 4032 incarn.
937 3959 1025 4032 Ditice
1052 3971 1180 4032 M⁰CCC⁰

112 4070 243 4143 xxxlld,
253 4067 297 4130 die
310 4081 402 4130 xxrnu
418 4065 521 4130 mensis
537 4065 603 4145 junii
617 4077 646 4128 et
656 4077 717 4128 ιιιιι3
733 4063 799 4130 dicti
810 4063 926 4141 mensis,
940 4063 1086 4130 continens
1101 4061 1177 4144 quod

113 4159 184 4226 dom.
195 4163 353 4227 hmblardus
371 4162 503 4227 Ferrandi
518 4162 596 4224 miles
605 4160 752 4224 contitetur
766 4173 794 4224 et
809 4158 920 4240 publice
934 4157 1140 4242 reeo(gno)scit
1149 4175 1179 4220 se
