2936 4898
601 448 739 506 -7-

168 571 218 616 aa.
239 560 307 616 ltem
322 555 409 636 quod.
427 556 501 618 aliud
530 557 733 638 privilegiuma
758 573 911 642 magestate
927 561 1061 626 Fredellci
1083 563 1205 646 impera-

126 649 197 712 toris
212 665 381 728 emunctam,
405 651 433 714 in
461 655 592 736 pendenti
604 655 679 718 bulla
706 675 788 720 cerea
814 657 974 740 sigillatum,
1004 659 1136 742 scriptum
1156 681 1206 742 per

128 753 254 808 Raonem
277 747 313 812 de
337 754 433 829 capua
459 750 597 814 notarium
611 751 697 833 ipsius
709 754 880 834 magestatis,
905 755 957 818 sub
971 775 1045 820 anno
1061 764 1203 822 lncamac.

129 844 218 906 Dirice
234 849 409 920 M⁰CC⁰XL⁰,
427 865 523 908 mense
537 848 708 924 novembris,
723 849 868 914 continens
888 851 963 933 quod
988 849 1048 932 ipsa
1066 867 1204 935 magestas

127 941 204 1004 dedit
216 942 253 1004 de
264 941 351 1006 leudo
359 962 452 1006 annuo
464 945 618 1008 camerario
632 946 703 1010 dom¹
714 947 836 1029 delphini
862 949 1025 1014 Viennensis
1046 951 1203 1034 quindecim

127 1039 223 1102 uncias
233 1039 298 1102 auri
308 1039 502 1121 percipiendas
511 1061 595 1123 super
610 1061 661 1106 sua
671 1062 782 1106 camera
798 1044 877 1108 annis
887 1045 1012 1127 singulis.

168 1154 217 1212 23.
233 1143 313 1212 Item,
322 1137 407 1217 qued.
419 1137 471 1201 alie
487 1137 604 1200 litteren
620 1151 772 1220 magestate
784 1139 972 1221 imperatoria,
989 1142 1074 1206 videl.
1091 1143 1202 1208 Rodulo

127 1232 220 1294 divina
237 1232 391 1296 clemencia
424 1240 610 1298 Romanorum
640 1255 718 1317 rege,
750 1251 876 1300 emanata
904 1239 1018 1321 ejusque
1044 1241 1203 1322 magestatis

124 1329 216 1410 sigillo
229 1348 297 1392 cera
313 1329 376 1391 alba
390 1329 551 1411 impendenti
566 1331 694 1413 sigillata,
711 1333 763 1396 sub
777 1353 850 1396 anno
869 1323 922 1396 Dr'ri
938 1340 1039 1398 M⁰CC⁰
1051 1345 1157 1418 nonag⁰
1169 1344 1203 1414 1⁰,

127 1427 205 1508 regni
220 1445 292 1489 vero
306 1427 392 1507 ipsius
405 1447 479 1490 anno
492 1438 587 1506 xv111⁰,
602 1430 776 1494 continentes
789 1431 864 1512 quod
879 1432 939 1512 ipsa
951 1433 1129 1514 imperatoria
1142 1454 1205 1496 ma-

125 1539 219 1606 gestas
234 1526 410 1589 concedebat
423 1540 452 1589 et
465 1527 657 1592 auctoritatem
667 1549 745 1592 suam
756 1528 897 1609 prestabat
920 1531 1053 1612 episcopo
1077 1533 1205 1596 valanti-

127 1621 205 1684 nensi
222 1635 252 1683 et
268 1621 386 1703 Dyenci,
403 1622 573 1703 principibus
590 1624 646 1686 suis
663 1637 691 1692 et
704 1623 843 1688 nobilibus
872 1625 938 1688 viris
962 1627 1117 1691 llumberto
1141 1627 1205 1691 dal-

126 1719 210 1799 phino
224 1718 374 1780 Viennensi
387 1735 415 1780 et
428 1719 541 1782 Albonis
554 1720 647 1783 comiti
660 1721 871 1803 senescalloque
883 1742 935 1785 suo
947 1722 976 1785 in
991 1742 1079 1804 regno
1105 1725 1205 1786 Arela-

126 1816 208 1891 tensi,
224 1829 255 1880 et
267 1815 353 1878 nobili
370 1831 495 1880 matrone
512 1817 659 1899 B(eatrici)
672 1818 785 1880 domine
800 1819 970 1900 Fueigniaci,
980 1821 1104 1884 amedeo
1112 1821 1204 1884 comiti

128 1911 306 1976 Gebennensi
319 1925 347 1974 et
358 1920 479 1996 aymaro
491 1913 527 1975 de
556 1914 680 1976 Pictavia
693 1928 723 1978 et
751 1914 830 1978 dom⁰
856 1914 1011 1978 llumberto
1027 1916 1063 1978 de
1084 1915 1203 1992 Vilariis,

128 2011 257 2072 unionem
264 2009 357 2072 lacere
369 2023 398 2072 et
411 2010 498 2091 ipsam
511 2010 600 2088 jussit,
611 2011 756 2092 sollempni
768 2011 949 2092 stipulacione
969 2025 998 2074 et
1022 2010 1205 2092 promissione

128 2107 155 2168 in
167 2106 298 2168 manibus
310 2105 472 2170 serenitatis
479 2106 564 2186 ipsius
577 2107 650 2170 facta
672 2121 700 2170 et
714 2106 852 2188 corporali
865 2107 982 2189 prestito
995 2107 1162 2186 juramento,
1178 2122 1207 2172 et

130 2203 286 2284 specialiter
295 2216 394 2266 contra
405 2203 523 2266 rebelles
537 2202 644 2284 imperii
655 2223 688 2266 ac
703 2203 898 2267 mandatorum
914 2203 1048 2286 regalium
1062 2218 1207 2286 contemp-

129 2314 202 2362 tores
224 2313 253 2361 et
281 2313 379 2361 contra
399 2318 533 2380 personas
562 2300 640 2378 alias,
664 2301 797 2382 cujusque
818 2312 917 2377 status,
945 2299 1129 2364 condictionis
1159 2316 1207 2366 aut

131 2396 412 2478 dignitatisexismnr.

168 2513 216 2572 ²4·
234 2500 317 2568 Item,
333 2493 418 2574 qued.
433 2492 523 2556 littere
537 2493 572 2554 ad
585 2494 763 2576 imperatoria
779 2507 932 2576 magestate
946 2509 1073 2558 emanate
1090 2495 1206 2578 ejusque

129 2591 290 2672 magestatis
304 2590 394 2672 sigillo
416 2591 444 2654 in
458 2591 542 2654 dorso
568 2610 632 2654 cera
644 2591 707 2654 alba
737 2592 865 2678 sigillata,
882 2591 966 2654 videl.
982 2592 1135 2672 lugdovici
1156 2592 1207 2656 Dei

130 2689 215 2770 gratia
230 2696 421 2751 Romanorum
434 2689 613 2768 imperatore,
636 2688 682 2751 die
695 2701 776 2750 χχιιιΙ
792 2688 894 2751 mensis
920 2689 988 2768 julii,
1017 2689 1096 2770 regni
1111 2689 1207 2770 'ipsius

132 2803 202 2848 anno
215 2794 309 2860 xxrrd,
328 2783 436 2864 imperii
448 2803 516 2847 vero
530 2803 605 2846 anno
618 2794 659 2861 κο,
675 2785 849 2847 continentes
864 2785 940 2866 quod
954 2785 1014 2865 ipsa
1029 2785 1207 2866 imperatoria

131 2898 269 2964 magestas
282 2882 360 2944 dom.
378 2882 560 2945 Humbertum
571 2882 730 2963 dalphinum
745 2882 930 2946 Viennensem
943 2882 1093 2946 mandabat
1111 2882 1207 2947 venire

132 2999 192 3041 cum
206 2980 302 3052 armis,
321 2999 376 3040 una
388 2998 450 3040 curu
463 2979 592 3060 gentibus
603 2979 671 3054 suis,
689 2978 725 3040 ad
742 2978 872 3056 juvamen
886 2979 972 3060 ipsius
996 2979 1155 3060 magestatis
1180 2993 1208 3042 et

132 3075 280 3138 tuicionem
289 3074 408 3154 imperii.
562 3089 565 3094 ·

172 3188 220 3250 25.
236 3176 317 3244 Item,
334 3167 420 3250 quod.
439 3169 512 3232 aliud
527 3169 700 3251 privilegium
717 3170 752 3232 ab
764 3171 943 3251 imperatoria
960 3183 1112 3252 magestate
1129 3177 1209 3233 Hen-

133 3267 189 3330 rico
201 3267 370 3348 imperatore
385 3273 572 3330 Romanorum
589 3266 775 3348 (emanatum)
789 3265 904 3349 ejusque
932 3264 1091 3346 magestatis
1119 3263 1208 3346 sigillo

134 3384 196 3427 cera
212 3365 277 3426 alba
290 3363 319 3424 in
345 3363 476 3444 pendenti
491 3363 649 3444 sigillatum,
679 3363 824 3426 continens
850 3362 926 3446 quod
954 3362 1013 3443 ipsa
1032 3360 1209 3440 imperatoria

135 3475 273 3542 magestas
283 3458 434 3524 mandabat
446 3459 543 3522 illustri
558 3459 620 3522 viro
642 3458 720 3520 dom.
749 3459 867 3522 iohanni
895 3457 1025 3540 dalphino
1047 3457 1207 3535 Viennensi,

135 3559 207 3638 quod
221 3559 282 3640 ipse
306 3557 458 3620 Robertum
484 3571 577 3620 natum
601 3557 675 3619 clare
702 3556 835 3619 memorie
853 3555 946 3618 Karoli
969 3555 1012 3630 11¹,
1037 3569 1103 3620 tunc
1129 3556 1209 3621 titulo

137 3657 232 3718 Secilie
242 3653 318 3736 regis
327 3653 499 3734 fungentem,
522 3655 578 3716 suis
590 3653 764 3736 exigentibus
776 3653 864 3734 culpis
885 3652 1019 3716 universis
1043 3666 1072 3716 et
1095 3653 1210 3736 singulis

137 3751 327 3834 dignitatibus,
348 3749 569 3826 auctoritatibus,
595 3749 778 3826 libertatibus,
803 3748 1023 3826 inmunitatibus,
1047 3749 1208 3832 privilegiis,

137 3849 296 3928 provinciis,
313 3849 473 3923 contractis,
490 3847 658 3925 civitatibus,
670 3848 779 3925 castris,
793 3847 886 3924 terris,
901 3848 983 3925 villis,
994 3847 1093 3922 leudis,
1102 3848 1211 3910 vassal-

139 3944 180 4021 lis,
194 3944 288 4024 bonis,
305 3943 550 4025 rebus,juribuset
564 3945 796 4026 juridictionibus,
813 3963 895 4026 quos,
909 3963 978 4026 quas
994 3957 1022 4006 et
1049 3962 1103 4025 que
1127 3943 1211 4006 habe-

140 4041 185 4105 bat
195 4043 241 4104 vel
253 4042 462 4123 quomodolibet
472 4042 643 4124 possidebat,
657 4043 816 4124 privaverat
829 4055 857 4104 et
871 4061 967 4128 ornnes
981 4041 1032 4104 sibi
1048 4041 1209 4126 astrictosin

143 4155 271 4219 quantum
286 4139 376 4202 eidem
395 4153 555 4202 tenerentur
574 4139 748 4216 absolvebat,
772 4153 800 4202 et
822 4139 977 4222 specialiter
1000 4138 1051 4218 ipsi
1080 4137 1210 4217 delphino
