<?xml version="1.0" encoding="UTF-8"?>
<!DOCTYPE html PUBLIC "-//W3C//DTD XHTML 1.0 Transitional//EN"
    "http://www.w3.org/TR/xhtml1/DTD/xhtml1-transitional.dtd">
<html xmlns="http://www.w3.org/1999/xhtml" xml:lang="en" lang="en">
 <head>
  <title>
</title>
<meta http-equiv="Content-Type" content="text/html;charset=utf-8" />
  <meta name='ocr-system' content='tesseract 3.04.00' />
  <meta name='ocr-capabilities' content='ocr_page ocr_carea ocr_par ocr_line ocrx_word'/>
</head>
<body>
  <div class='ocr_page' id='page_1' title='image "./inventairedesar00glgoog/inventairedesar00glgoog_0315.png"; bbox 0 0 2842 4900; ppageno 0'>
   <div class='ocr_carea' id='block_1_1' title="bbox 731 428 908 492">
    <p class='ocr_par' dir='ltr' id='par_1_1' title="bbox 731 428 908 492">
     <span class='ocr_line' id='line_1_1' title="bbox 731 428 908 492; baseline 0.011 -2"><span class='ocrx_word' id='word_1_1' title='bbox 731 428 908 492; x_wconf 77' lang='lat'>-286-</span> 
     </span>
    </p>
   </div>
   <div class='ocr_carea' id='block_1_2' title="bbox 240 555 1362 2216">
    <p class='ocr_par' dir='ltr' id='par_1_2' title="bbox 240 555 1362 1584">
     <span class='ocr_line' id='line_1_2' title="bbox 283 555 1338 636; baseline -0.007 -18"><span class='ocrx_word' id='word_1_2' title='bbox 283 559 342 636; x_wconf 77' lang='lat' dir='ltr'><strong>gillo</strong></span> <span class='ocrx_word' id='word_1_3' title='bbox 355 559 415 618; x_wconf 89' lang='lat' dir='ltr'><strong>dicti</strong></span> <span class='ocrx_word' id='word_1_4' title='bbox 428 561 496 618; x_wconf 91' lang='lat' dir='ltr'><strong>doru.</strong></span> <span class='ocrx_word' id='word_1_5' title='bbox 512 557 619 632; x_wconf 86' lang='lat' dir='ltr'><strong>comitis,</strong></span> <span class='ocrx_word' id='word_1_6' title='bbox 634 559 761 616; x_wconf 85' lang='lat' dir='ltr'><strong>continens</strong></span> <span class='ocrx_word' id='word_1_7' title='bbox 787 556 984 616; x_wconf 83' lang='lat' dir='ltr'><strong>ratilfioationem</strong></span> <span class='ocrx_word' id='word_1_8' title='bbox 1011 555 1072 614; x_wconf 88' lang='lat' dir='ltr'><strong>dict.</strong></span> <span class='ocrx_word' id='word_1_9' title='bbox 1101 555 1338 629; x_wconf 78' lang='lat' dir='ltr'><strong>pactionumlaelan</strong></span> 
     </span>
     <span class='ocr_line' id='line_1_3' title="bbox 284 645 1339 726; baseline -0.006 -20"><span class='ocrx_word' id='word_1_10' title='bbox 284 665 328 724; x_wconf 89' lang='lat' dir='ltr'><strong>per</strong></span> <span class='ocrx_word' id='word_1_11' title='bbox 342 651 478 722; x_wconf 76' lang='lat' dir='ltr'><strong>hymenem</strong></span> <span class='ocrx_word' id='word_1_12' title='bbox 491 649 523 704; x_wconf 95' lang='lat' dir='ltr'><strong>de</strong></span> <span class='ocrx_word' id='word_1_13' title='bbox 536 648 662 722; x_wconf 80' lang='lat' dir='ltr'>Cebenna,</span> <span class='ocrx_word' id='word_1_14' title='bbox 677 647 866 722; x_wconf 86' lang='lat' dir='ltr'><strong>primogenitum</strong></span> <span class='ocrx_word' id='word_1_15' title='bbox 880 646 940 704; x_wconf 88' lang='lat' dir='ltr'><strong>dicti</strong></span> <span class='ocrx_word' id='word_1_16' title='bbox 954 645 1061 724; x_wconf 88' lang='lat' dir='ltr'><strong>comitis.</strong></span> <span class='ocrx_word' id='word_1_17' title='bbox 1077 677 1111 726; x_wconf 81' lang='lat'><strong>·.·</strong></span> <span class='ocrx_word' id='word_1_18' title='bbox 1129 647 1204 704; x_wconf 76' lang='lat' dir='ltr'><strong>ebra.</strong></span> <span class='ocrx_word' id='word_1_19' title='bbox 1220 647 1286 718; x_wconf 88' lang='lat' dir='ltr'><strong>ltem,</strong></span> <span class='ocrx_word' id='word_1_20' title='bbox 1299 647 1339 700; x_wconf 91' lang='lat' dir='ltr'><strong>duo</strong></span> 
     </span>
     <span class='ocr_line' id='line_1_4' title="bbox 283 733 1340 811; baseline -0.004 -17"><span class='ocrx_word' id='word_1_21' title='bbox 283 735 433 810; x_wconf 67' lang='lat' dir='ltr'><strong>manscripta</strong></span> <span class='ocrx_word' id='word_1_22' title='bbox 446 753 489 794; x_wconf 88' lang='lat' dir='ltr'><strong>seu</strong></span> <span class='ocrx_word' id='word_1_23' title='bbox 503 735 618 809; x_wconf 85' lang='lat' dir='ltr'><strong>uidimus,</strong></span> <span class='ocrx_word' id='word_1_24' title='bbox 633 737 679 794; x_wconf 89' lang='lat' dir='ltr'><strong>sub</strong></span> <span class='ocrx_word' id='word_1_25' title='bbox 692 735 772 811; x_wconf 84' lang='lat' dir='ltr'><strong>sigillo</strong></span> <span class='ocrx_word' id='word_1_26' title='bbox 789 735 915 794; x_wconf 85' lang='lat' dir='ltr'><strong>Castelleti</strong></span> <span class='ocrx_word' id='word_1_27' title='bbox 928 735 1050 809; x_wconf 87' lang='lat' dir='ltr'><strong>Parisios,</strong></span> <span class='ocrx_word' id='word_1_28' title='bbox 1065 737 1097 794; x_wconf 92' lang='lat' dir='ltr'><strong>de</strong></span> <span class='ocrx_word' id='word_1_29' title='bbox 1123 734 1197 794; x_wconf 88' lang='lat' dir='ltr'><strong>certis</strong></span> <span class='ocrx_word' id='word_1_30' title='bbox 1211 733 1340 810; x_wconf 86' lang='lat' dir='ltr'><strong>specialibus</strong></span> 
     </span>
     <span class='ocr_line' id='line_1_5' title="bbox 284 821 1340 899; baseline -0.001 -20"><span class='ocrx_word' id='word_1_31' title='bbox 284 823 399 880; x_wconf 81' lang='lat' dir='ltr'><strong>clausulis</strong></span> <span class='ocrx_word' id='word_1_32' title='bbox 413 822 535 881; x_wconf 89' lang='lat' dir='ltr'><strong>contentis</strong></span> <span class='ocrx_word' id='word_1_33' title='bbox 548 822 645 882; x_wconf 89' lang='lat' dir='ltr'><strong>indict.</strong></span> <span class='ocrx_word' id='word_1_34' title='bbox 661 822 827 898; x_wconf 81' lang='lat' dir='ltr'>pactionibus.</span> <span class='ocrx_word' id='word_1_35' title='bbox 842 855 876 867; x_wconf 94' lang='lat'>-</span> <span class='ocrx_word' id='word_1_36' title='bbox 901 823 975 896; x_wconf 74' lang='lat'><strong>1613.</strong></span> <span class='ocrx_word' id='word_1_37' title='bbox 1004 825 1076 896; x_wconf 87' lang='lat' dir='ltr'><strong>ltem,</strong></span> <span class='ocrx_word' id='word_1_38' title='bbox 1091 823 1167 899; x_wconf 89' lang='lat' dir='ltr'><strong>quod.</strong></span> <span class='ocrx_word' id='word_1_39' title='bbox 1183 823 1251 898; x_wconf 88' lang='lat' dir='ltr'><strong>publ.</strong></span> <span class='ocrx_word' id='word_1_40' title='bbox 1266 821 1340 878; x_wconf 85' lang='lat' dir='ltr'><strong>instru-</strong></span> 
     </span>
     <span class='ocr_line' id='line_1_6' title="bbox 284 905 1340 986; baseline -0.006 -18"><span class='ocrx_word' id='word_1_41' title='bbox 284 924 391 970; x_wconf 85' lang='lat' dir='ltr'><strong>mentum</strong></span> <span class='ocrx_word' id='word_1_42' title='bbox 405 913 543 969; x_wconf 90' lang='lat' dir='ltr'><strong>coniectum</strong></span> <span class='ocrx_word' id='word_1_43' title='bbox 557 929 624 968; x_wconf 88' lang='lat' dir='ltr'><strong>anno</strong></span> <span class='ocrx_word' id='word_1_44' title='bbox 638 907 688 968; x_wconf 85' lang='lat' dir='ltr'><strong>Drii</strong></span> <span class='ocrx_word' id='word_1_45' title='bbox 702 912 895 986; x_wconf 84' lang='lat' dir='ltr'><strong>M·CCC·Llll·,</strong></span> <span class='ocrx_word' id='word_1_46' title='bbox 923 911 962 968; x_wconf 90' lang='lat' dir='ltr'><strong>die</strong></span> <span class='ocrx_word' id='word_1_47' title='bbox 975 912 1030 969; x_wconf 89' lang='lat' dir='ltr'><strong>Vll·</strong></span> <span class='ocrx_word' id='word_1_48' title='bbox 1046 910 1139 986; x_wconf 86' lang='lat' dir='ltr'>aprilis,</span> <span class='ocrx_word' id='word_1_49' title='bbox 1155 927 1227 968; x_wconf 92' lang='lat' dir='ltr'><strong>manu</strong></span> <span class='ocrx_word' id='word_1_50' title='bbox 1242 905 1340 966; x_wconf 77' lang='lat' dir='ltr'><strong>bertheri</strong></span> 
     </span>
     <span class='ocr_line' id='line_1_7' title="bbox 240 998 1341 1076; baseline -0.003 -20"><span class='ocrx_word' id='word_1_51' title='bbox 240 1069 241 1072; x_wconf 7' lang='grc' dir='ltr'><strong>Ἴ</strong></span> <span class='ocrx_word' id='word_1_52' title='bbox 284 999 419 1056; x_wconf 81' lang='lat' dir='ltr'><strong>Vassorreti</strong></span> <span class='ocrx_word' id='word_1_53' title='bbox 433 1000 464 1057; x_wconf 93' lang='lat' dir='ltr'><strong>de</strong></span> <span class='ocrx_word' id='word_1_54' title='bbox 478 999 594 1075; x_wconf 78' lang='lat' dir='ltr'><strong>Albiaco,</strong></span> <span class='ocrx_word' id='word_1_55' title='bbox 609 999 737 1058; x_wconf 87' lang='lat' dir='ltr'><strong>continens</strong></span> <span class='ocrx_word' id='word_1_56' title='bbox 751 1003 818 1076; x_wconf 93' lang='lat' dir='ltr'><strong>quod</strong></span> <span class='ocrx_word' id='word_1_57' title='bbox 833 1001 900 1058; x_wconf 91' lang='lat' dir='ltr'><strong>dom.</strong></span> <span class='ocrx_word' id='word_1_58' title='bbox 917 999 1038 1057; x_wconf 89' lang='lat' dir='ltr'><strong>Girardus</strong></span> <span class='ocrx_word' id='word_1_59' title='bbox 1061 1000 1091 1057; x_wconf 94' lang='lat' dir='ltr'><strong>de</strong></span> <span class='ocrx_word' id='word_1_60' title='bbox 1105 998 1227 1055; x_wconf 88' lang='lat' dir='ltr'><strong>Temiaco</strong></span> <span class='ocrx_word' id='word_1_61' title='bbox 1240 1016 1264 1054; x_wconf 89' lang='lat' dir='ltr'><strong>se</strong></span> <span class='ocrx_word' id='word_1_62' title='bbox 1280 1013 1341 1054; x_wconf 88' lang='lat' dir='ltr'><strong>cous·</strong></span> 
     </span>
     <span class='ocr_line' id='line_1_8' title="bbox 284 1083 1338 1163; baseline -0.005 -19"><span class='ocrx_word' id='word_1_63' title='bbox 284 1085 354 1144; x_wconf 86' lang='lat' dir='ltr'><strong>tituit</strong></span> <span class='ocrx_word' id='word_1_64' title='bbox 367 1086 532 1162; x_wconf 76' lang='lat' dir='ltr'><strong>fidejussorem</strong></span> <span class='ocrx_word' id='word_1_65' title='bbox 547 1088 672 1163; x_wconf 85' lang='lat' dir='ltr'><strong>prodictu</strong></span> <span class='ocrx_word' id='word_1_66' title='bbox 687 1086 776 1152; x_wconf 79' lang='lat' dir='ltr'>comite</span> <span class='ocrx_word' id='word_1_67' title='bbox 800 1106 859 1163; x_wconf 88' lang='lat' dir='ltr'><strong>erga</strong></span> <span class='ocrx_word' id='word_1_68' title='bbox 883 1087 976 1144; x_wconf 89' lang='lat' dir='ltr'><strong>dictum</strong></span> <span class='ocrx_word' id='word_1_69' title='bbox 990 1088 1057 1144; x_wconf 91' lang='lat' dir='ltr'><strong>dom.</strong></span> <span class='ocrx_word' id='word_1_70' title='bbox 1078 1085 1220 1160; x_wconf 72' lang='lat' dir='ltr'><strong>dalphinum</strong></span> <span class='ocrx_word' id='word_1_71' title='bbox 1234 1102 1277 1160; x_wconf 92' lang='lat' dir='ltr'><strong>pro</strong></span> <span class='ocrx_word' id='word_1_72' title='bbox 1289 1083 1338 1140; x_wconf 90' lang='lat' dir='ltr'><strong>dict.</strong></span> 
     </span>
     <span class='ocr_line' id='line_1_9' title="bbox 284 1172 1341 1250; baseline -0.005 -19"><span class='ocrx_word' id='word_1_73' title='bbox 284 1175 441 1248; x_wconf 79' lang='lat' dir='ltr'><strong>pactionibus</strong></span> <span class='ocrx_word' id='word_1_74' title='bbox 454 1175 613 1232; x_wconf 89' lang='lat' dir='ltr'><strong>observandis</strong></span> <span class='ocrx_word' id='word_1_75' title='bbox 626 1185 652 1232; x_wconf 89' lang='lat' dir='ltr'><strong>et</strong></span> <span class='ocrx_word' id='word_1_76' title='bbox 665 1174 803 1250; x_wconf 83' lang='lat' dir='ltr'><strong>specialiter</strong></span> <span class='ocrx_word' id='word_1_77' title='bbox 817 1183 949 1249; x_wconf 90' lang='lat' dir='ltr'><strong>propterea</strong></span> <span class='ocrx_word' id='word_1_78' title='bbox 963 1172 1142 1248; x_wconf 87' lang='lat' dir='ltr'><strong>hypothecavit</strong></span> <span class='ocrx_word' id='word_1_79' title='bbox 1156 1183 1237 1229; x_wconf 91' lang='lat' dir='ltr'><strong>castra</strong></span> <span class='ocrx_word' id='word_1_80' title='bbox 1251 1189 1298 1228; x_wconf 90' lang='lat' dir='ltr'><strong>sua.</strong></span> <span class='ocrx_word' id='word_1_81' title='bbox 1312 1199 1341 1212; x_wconf 89' lang='lat'>-</span> 
     </span>
     <span class='ocr_line' id='line_1_10' title="bbox 289 1245 1362 1339; baseline -0.004 -21"><span class='ocrx_word' id='word_1_82' title='bbox 289 1262 363 1336; x_wconf 83' lang='lat'><strong>1614.</strong></span> <span class='ocrx_word' id='word_1_83' title='bbox 373 1263 444 1337; x_wconf 91' lang='lat' dir='ltr'><strong>ltem,</strong></span> <span class='ocrx_word' id='word_1_84' title='bbox 458 1263 576 1338; x_wconf 82' lang='lat' dir='ltr'><strong>quodal.</strong></span> <span class='ocrx_word' id='word_1_85' title='bbox 588 1264 657 1339; x_wconf 94' lang='lat' dir='ltr'><strong>publ.</strong></span> <span class='ocrx_word' id='word_1_86' title='bbox 673 1263 860 1320; x_wconf 83' lang='lat' dir='ltr'><strong>instrumentum</strong></span> <span class='ocrx_word' id='word_1_87' title='bbox 875 1263 1085 1320; x_wconf 89' lang='lat' dir='ltr'><strong>conlectumanuo</strong></span> <span class='ocrx_word' id='word_1_88' title='bbox 1100 1257 1149 1317; x_wconf 75' lang='lat' dir='ltr'><strong>Dii</strong></span> <span class='ocrx_word' id='word_1_89' title='bbox 1163 1260 1340 1330; x_wconf 84' lang='lat' dir='ltr'><strong>M⁰CCC·Llll·,</strong></span> <span class='ocrx_word' id='word_1_90' title='bbox 1354 1245 1362 1266; x_wconf 73' lang='lat'><strong>⁴</strong></span> 
     </span>
     <span class='ocr_line' id='line_1_11' title="bbox 284 1347 1341 1426; baseline -0.008 -18"><span class='ocrx_word' id='word_1_91' title='bbox 284 1350 367 1408; x_wconf 72' lang='lat' dir='ltr'><strong>xvna</strong></span> <span class='ocrx_word' id='word_1_92' title='bbox 380 1349 420 1408; x_wconf 91' lang='lat' dir='ltr'><strong>die</strong></span> <span class='ocrx_word' id='word_1_93' title='bbox 433 1350 527 1426; x_wconf 90' lang='lat' dir='ltr'><strong>aprilis,</strong></span> <span class='ocrx_word' id='word_1_94' title='bbox 543 1368 615 1408; x_wconf 87' lang='lat' dir='ltr'><strong>manu</strong></span> <span class='ocrx_word' id='word_1_95' title='bbox 631 1349 689 1408; x_wconf 87' lang='lat' dir='ltr'><strong>dicti</strong></span> <span class='ocrx_word' id='word_1_96' title='bbox 699 1348 804 1420; x_wconf 79' lang='lat' dir='ltr'><strong>Rerteti‚</strong></span> <span class='ocrx_word' id='word_1_97' title='bbox 820 1350 947 1406; x_wconf 89' lang='lat' dir='ltr'><strong>continens</strong></span> <span class='ocrx_word' id='word_1_98' title='bbox 960 1349 1028 1424; x_wconf 91' lang='lat' dir='ltr'><strong>quod</strong></span> <span class='ocrx_word' id='word_1_99' title='bbox 1042 1349 1109 1406; x_wconf 90' lang='lat' dir='ltr'><strong>dom.</strong></span> <span class='ocrx_word' id='word_1_100' title='bbox 1124 1347 1341 1406; x_wconf 84' lang='lat' dir='ltr'><strong>Thomasdomiuus</strong></span> 
     </span>
     <span class='ocr_line' id='line_1_12' title="bbox 285 1435 1341 1515; baseline -0.003 -21"><span class='ocrx_word' id='word_1_101' title='bbox 285 1437 316 1494; x_wconf 92' lang='lat' dir='ltr'><strong>de</strong></span> <span class='ocrx_word' id='word_1_102' title='bbox 329 1440 446 1496; x_wconf 81' lang='lat' dir='ltr'><strong>Meritone</strong></span> <span class='ocrx_word' id='word_1_103' title='bbox 459 1457 486 1496; x_wconf 89' lang='lat' dir='ltr'><strong>se</strong></span> <span class='ocrx_word' id='word_1_104' title='bbox 499 1448 525 1497; x_wconf 88' lang='lat' dir='ltr'><strong>et</strong></span> <span class='ocrx_word' id='word_1_105' title='bbox 538 1440 607 1497; x_wconf 87' lang='lat' dir='ltr'><strong>bona</strong></span> <span class='ocrx_word' id='word_1_106' title='bbox 628 1457 672 1496; x_wconf 86' lang='lat' dir='ltr'><strong>sua</strong></span> <span class='ocrx_word' id='word_1_107' title='bbox 686 1437 806 1515; x_wconf 88' lang='lat' dir='ltr'><strong>obligauit</strong></span> <span class='ocrx_word' id='word_1_108' title='bbox 834 1455 881 1514; x_wconf 90' lang='lat' dir='ltr'><strong>pro</strong></span> <span class='ocrx_word' id='word_1_109' title='bbox 894 1437 962 1496; x_wconf 84' lang='lat' dir='ltr'><strong>dicto</strong></span> <span class='ocrx_word' id='word_1_110' title='bbox 977 1437 1066 1495; x_wconf 88' lang='lat' dir='ltr'><strong>comite</strong></span> <span class='ocrx_word' id='word_1_111' title='bbox 1079 1437 1111 1496; x_wconf 88' lang='lat' dir='ltr'><strong>de</strong></span> <span class='ocrx_word' id='word_1_112' title='bbox 1124 1437 1186 1495; x_wconf 90' lang='lat' dir='ltr'><strong>dict.</strong></span> <span class='ocrx_word' id='word_1_113' title='bbox 1202 1435 1341 1512; x_wconf 84' lang='lat' dir='ltr'><strong>pactionibus</strong></span> 
     </span>
     <span class='ocr_line' id='line_1_13' title="bbox 286 1521 1358 1584; baseline 0.005 -2"><span class='ocrx_word' id='word_1_114' title='bbox 286 1525 455 1584; x_wconf 84' lang='lat' dir='ltr'><strong>observandis.</strong></span> <span class='ocrx_word' id='word_1_115' title='bbox 754 1535 756 1542; x_wconf 83' lang='grc'>’</span> <span class='ocrx_word' id='word_1_116' title='bbox 927 1551 943 1584; x_wconf 90' lang='lat'><strong>·.</strong></span> <span class='ocrx_word' id='word_1_117' title='bbox 1355 1521 1358 1529; x_wconf 53' lang='lat'><strong>¹</strong></span> 
     </span>
    </p>

    <p class='ocr_par' dir='ltr' id='par_1_3' title="bbox 284 1611 1342 2216">
     <span class='ocr_line' id='line_1_14' title="bbox 328 1611 1340 1690; baseline -0.004 -20"><span class='ocrx_word' id='word_1_118' title='bbox 328 1613 402 1689; x_wconf 79' lang='lat'><strong>1615.</strong></span> <span class='ocrx_word' id='word_1_119' title='bbox 418 1615 490 1688; x_wconf 83' lang='lat' dir='ltr'><strong>ltenr,</strong></span> <span class='ocrx_word' id='word_1_120' title='bbox 503 1615 578 1690; x_wconf 88' lang='lat' dir='ltr'><strong>qued.</strong></span> <span class='ocrx_word' id='word_1_121' title='bbox 593 1615 720 1690; x_wconf 76' lang='lat' dir='ltr'><strong>pactiones</strong></span> <span class='ocrx_word' id='word_1_122' title='bbox 734 1611 809 1670; x_wconf 92' lang='lat' dir='ltr'><strong>inhite</strong></span> <span class='ocrx_word' id='word_1_123' title='bbox 833 1613 896 1671; x_wconf 87' lang='lat' dir='ltr'><strong>inter</strong></span> <span class='ocrx_word' id='word_1_124' title='bbox 910 1614 977 1670; x_wconf 91' lang='lat' dir='ltr'><strong>dom.</strong></span> <span class='ocrx_word' id='word_1_125' title='bbox 992 1613 1127 1670; x_wconf 79' lang='lat' dir='ltr'><strong>lohanuecu</strong></span> <span class='ocrx_word' id='word_1_126' title='bbox 1142 1613 1287 1668; x_wconf 79' lang='lat' dir='ltr'><strong>Francomm</strong></span> <span class='ocrx_word' id='word_1_127' title='bbox 1300 1619 1340 1677; x_wconf 80' lang='lat' dir='ltr'><strong>(re</strong></span> 
     </span>
     <span class='ocr_line' id='line_1_15' title="bbox 286 1691 1341 1776; baseline -0.005 -19"><span class='ocrx_word' id='word_1_128' title='bbox 286 1707 351 1774; x_wconf 86' lang='lat' dir='ltr'><strong>gem)</strong></span> <span class='ocrx_word' id='word_1_129' title='bbox 372 1711 398 1757; x_wconf 96' lang='lat' dir='ltr'><strong>et</strong></span> <span class='ocrx_word' id='word_1_130' title='bbox 420 1701 487 1759; x_wconf 92' lang='lat' dir='ltr'><strong>dom.</strong></span> <span class='ocrx_word' id='word_1_131' title='bbox 508 1701 694 1774; x_wconf 68' lang='lat' dir='ltr'><strong>Karolunrejus</strong></span> <span class='ocrx_word' id='word_1_132' title='bbox 709 1699 908 1776; x_wconf 88' lang='lat' dir='ltr'><strong>primogenitum,</strong></span> <span class='ocrx_word' id='word_1_133' title='bbox 923 1701 1064 1775; x_wconf 84' lang='lat' dir='ltr'><strong>dalphinum</strong></span> <span class='ocrx_word' id='word_1_134' title='bbox 1079 1691 1248 1773; x_wconf 86' lang='lat' dir='ltr'><strong>Viennensem,</strong></span> <span class='ocrx_word' id='word_1_135' title='bbox 1261 1716 1288 1755; x_wconf 85' lang='lat' dir='ltr'><strong>ex</strong></span> <span class='ocrx_word' id='word_1_136' title='bbox 1299 1715 1341 1753; x_wconf 89' lang='lat' dir='ltr'><strong>una</strong></span> 
     </span>
     <span class='ocr_line' id='line_1_16' title="bbox 285 1785 1341 1864; baseline -0.003 -19"><span class='ocrx_word' id='word_1_137' title='bbox 285 1797 357 1863; x_wconf 88' lang='lat' dir='ltr'><strong>parte</strong></span> <span class='ocrx_word' id='word_1_138' title='bbox 370 1797 395 1844; x_wconf 93' lang='lat' dir='ltr'><strong>et</strong></span> <span class='ocrx_word' id='word_1_139' title='bbox 408 1790 475 1847; x_wconf 89' lang='lat' dir='ltr'><strong>dom.</strong></span> <span class='ocrx_word' id='word_1_140' title='bbox 492 1790 679 1858; x_wconf 77' lang='lat' dir='ltr'><strong>Hlumbertum)</strong></span> <span class='ocrx_word' id='word_1_141' title='bbox 693 1789 860 1864; x_wconf 83' lang='lat' dir='ltr'><strong>patriarcham</strong></span> <span class='ocrx_word' id='word_1_142' title='bbox 876 1789 1068 1847; x_wconf 80' lang='lat' dir='ltr'><strong>Alexandrinum</strong></span> <span class='ocrx_word' id='word_1_143' title='bbox 1083 1788 1287 1863; x_wconf 85' lang='lat' dir='ltr'><strong>antiquioremque</strong></span> <span class='ocrx_word' id='word_1_144' title='bbox 1297 1785 1341 1842; x_wconf 86' lang='lat' dir='ltr'><strong>dal·</strong></span> 
     </span>
     <span class='ocr_line' id='line_1_17' title="bbox 284 1875 1342 1952; baseline -0.005 -19"><span class='ocrx_word' id='word_1_145' title='bbox 284 1875 385 1950; x_wconf 90' lang='lat' dir='ltr'><strong>phinum</strong></span> <span class='ocrx_word' id='word_1_146' title='bbox 399 1893 428 1932; x_wconf 85' lang='lat' dir='ltr'><strong>err</strong></span> <span class='ocrx_word' id='word_1_147' title='bbox 441 1876 528 1950; x_wconf 90' lang='lat' dir='ltr'><strong>altera,</strong></span> <span class='ocrx_word' id='word_1_148' title='bbox 543 1895 627 1934; x_wconf 86' lang='lat' dir='ltr'><strong>eorum</strong></span> <span class='ocrx_word' id='word_1_149' title='bbox 642 1877 725 1952; x_wconf 88' lang='lat' dir='ltr'><strong>sigillis</strong></span> <span class='ocrx_word' id='word_1_150' title='bbox 741 1877 854 1950; x_wconf 89' lang='lat' dir='ltr'><strong>sigillate,</strong></span> <span class='ocrx_word' id='word_1_151' title='bbox 869 1877 934 1934; x_wconf 86' lang='lat' dir='ltr'><strong>lacte</strong></span> <span class='ocrx_word' id='word_1_152' title='bbox 943 1893 1007 1934; x_wconf 90' lang='lat' dir='ltr'><strong>anuo</strong></span> <span class='ocrx_word' id='word_1_153' title='bbox 1021 1875 1074 1933; x_wconf 78' lang='lat' dir='ltr'><strong>Dni</strong></span> <span class='ocrx_word' id='word_1_154' title='bbox 1084 1877 1264 1948; x_wconf 73' lang='lat' dir='ltr'><strong>mccc-etr,</strong></span> <span class='ocrx_word' id='word_1_155' title='bbox 1273 1889 1342 1930; x_wconf 90' lang='lat' dir='ltr'><strong>mense</strong></span> 
     </span>
     <span class='ocr_line' id='line_1_18' title="bbox 285 1961 1340 2038; baseline -0.006 -18"><span class='ocrx_word' id='word_1_156' title='bbox 285 1963 419 2038; x_wconf 84' lang='lat' dir='ltr'><strong>decembri,</strong></span> <span class='ocrx_word' id='word_1_157' title='bbox 447 1982 521 2038; x_wconf 89' lang='lat' dir='ltr'><strong>super</strong></span> <span class='ocrx_word' id='word_1_158' title='bbox 549 1965 703 2022; x_wconf 88' lang='lat' dir='ltr'><strong>restitutione</strong></span> <span class='ocrx_word' id='word_1_159' title='bbox 731 1975 869 2022; x_wconf 88' lang='lat' dir='ltr'><strong>castrorum</strong></span> <span class='ocrx_word' id='word_1_160' title='bbox 893 1963 1000 2038; x_wconf 90' lang='lat' dir='ltr'><strong>quesibi</strong></span> <span class='ocrx_word' id='word_1_161' title='bbox 1015 1963 1149 2021; x_wconf 88' lang='lat' dir='ltr'><strong>retinuerat</strong></span> <span class='ocrx_word' id='word_1_162' title='bbox 1169 1961 1193 2021; x_wconf 92' lang='lat' dir='ltr'><strong>in</strong></span> <span class='ocrx_word' id='word_1_163' title='bbox 1208 1961 1340 2036; x_wconf 89' lang='lat' dir='ltr'><strong>Dalphinatu</strong></span> 
     </span>
     <span class='ocr_line' id='line_1_19' title="bbox 286 2051 1339 2130; baseline -0.004 -22"><span class='ocrx_word' id='word_1_164' title='bbox 286 2051 367 2110; x_wconf 89' lang='lat' dir='ltr'><strong>dictus</strong></span> <span class='ocrx_word' id='word_1_165' title='bbox 380 2054 448 2110; x_wconf 88' lang='lat' dir='ltr'><strong>dom.</strong></span> <span class='ocrx_word' id='word_1_166' title='bbox 473 2052 607 2130; x_wconf 89' lang='lat' dir='ltr'><strong>antiquior,</strong></span> <span class='ocrx_word' id='word_1_167' title='bbox 623 2053 703 2112; x_wconf 87' lang='lat' dir='ltr'><strong>fienda</strong></span> <span class='ocrx_word' id='word_1_168' title='bbox 717 2053 785 2111; x_wconf 91' lang='lat' dir='ltr'><strong>dicto</strong></span> <span class='ocrx_word' id='word_1_169' title='bbox 799 2055 866 2111; x_wconf 93' lang='lat' dir='ltr'><strong>dorn.</strong></span> <span class='ocrx_word' id='word_1_170' title='bbox 883 2051 978 2109; x_wconf 86' lang='lat' dir='ltr'><strong>Karolo</strong></span> <span class='ocrx_word' id='word_1_171' title='bbox 1001 2051 1128 2125; x_wconf 80' lang='lat' dir='ltr'><strong>delphino.</strong></span> <span class='ocrx_word' id='word_1_172' title='bbox 1145 2083 1179 2094; x_wconf 94' lang='lat'>-</span> <span class='ocrx_word' id='word_1_173' title='bbox 1198 2051 1267 2109; x_wconf 85' lang='lat'><strong>1616.</strong></span> <span class='ocrx_word' id='word_1_174' title='bbox 1280 2051 1339 2120; x_wconf 83' lang='lat' dir='ltr'><strong>Item,</strong></span> 
     </span>
     <span class='ocr_line' id='line_1_20' title="bbox 285 2137 1339 2216; baseline -0.005 -18"><span class='ocrx_word' id='word_1_175' title='bbox 285 2141 360 2216; x_wconf 88' lang='lat' dir='ltr'><strong>qued.</strong></span> <span class='ocrx_word' id='word_1_176' title='bbox 376 2141 421 2198; x_wconf 92' lang='lat' dir='ltr'><strong>alie</strong></span> <span class='ocrx_word' id='word_1_177' title='bbox 435 2141 562 2216; x_wconf 89' lang='lat' dir='ltr'><strong>pactiones</strong></span> <span class='ocrx_word' id='word_1_178' title='bbox 585 2143 649 2200; x_wconf 80' lang='lat' dir='ltr'><strong>lacte</strong></span> <span class='ocrx_word' id='word_1_179' title='bbox 663 2142 726 2200; x_wconf 89' lang='lat' dir='ltr'><strong>inter</strong></span> <span class='ocrx_word' id='word_1_180' title='bbox 739 2141 852 2199; x_wconf 88' lang='lat' dir='ltr'><strong>dominos</strong></span> <span class='ocrx_word' id='word_1_181' title='bbox 872 2137 989 2216; x_wconf 59' lang='lat' dir='ltr'><strong>predicti,</strong></span> <span class='ocrx_word' id='word_1_182' title='bbox 1005 2159 1069 2198; x_wconf 90' lang='lat' dir='ltr'><strong>anno</strong></span> <span class='ocrx_word' id='word_1_183' title='bbox 1090 2149 1116 2198; x_wconf 86' lang='lat' dir='ltr'><strong>et</strong></span> <span class='ocrx_word' id='word_1_184' title='bbox 1136 2157 1218 2198; x_wconf 88' lang='lat' dir='ltr'><strong>mense</strong></span> <span class='ocrx_word' id='word_1_185' title='bbox 1239 2137 1339 2216; x_wconf 81' lang='lat' dir='ltr'><strong>predict,</strong></span> 
     </span>
    </p>
   </div>
   <div class='ocr_carea' id='block_1_3' title="bbox 165 2228 902 2304">
    <p class='ocr_par' dir='ltr' id='par_1_4' title="bbox 165 2228 902 2304">
     <span class='ocr_line' id='line_1_21' title="bbox 165 2228 902 2304; baseline 0.001 -19"><span class='ocrx_word' id='word_1_186' title='bbox 165 2263 171 2274; x_wconf 90' lang='lat'><em>·</em></span> <span class='ocrx_word' id='word_1_187' title='bbox 278 2246 372 2292; x_wconf 81' lang='lat' dir='ltr'><strong>,eorum</strong></span> <span class='ocrx_word' id='word_1_188' title='bbox 387 2228 491 2304; x_wconf 80' lang='lat' dir='ltr'><strong>sigillato</strong></span> <span class='ocrx_word' id='word_1_189' title='bbox 504 2228 597 2304; x_wconf 87' lang='lat' dir='ltr'><strong>sigillis,</strong></span> <span class='ocrx_word' id='word_1_190' title='bbox 613 2247 687 2304; x_wconf 86' lang='lat' dir='ltr'><strong>super</strong></span> <span class='ocrx_word' id='word_1_191' title='bbox 701 2246 785 2288; x_wconf 89' lang='lat' dir='ltr'><strong>eorum</strong></span> <span class='ocrx_word' id='word_1_192' title='bbox 799 2235 867 2298; x_wconf 86' lang='lat'><strong>(....)</strong></span> <span class='ocrx_word' id='word_1_193' title='bbox 881 2231 902 2286; x_wconf 85' lang='lat'><strong>¹.</strong></span> 
     </span>
    </p>
   </div>
   <div class='ocr_carea' id='block_1_4' title="bbox 284 2413 1348 4050">
    <p class='ocr_par' dir='ltr' id='par_1_5' title="bbox 285 2413 1343 2980">
     <span class='ocr_line' id='line_1_22' title="bbox 332 2413 1340 2499; baseline -0.009 -18"><span class='ocrx_word' id='word_1_194' title='bbox 332 2417 415 2496; x_wconf 82' lang='lat'><strong>1617.</strong></span> <span class='ocrx_word' id='word_1_195' title='bbox 429 2423 508 2494; x_wconf 89' lang='lat' dir='ltr'><strong>ltem,</strong></span> <span class='ocrx_word' id='word_1_196' title='bbox 521 2416 605 2499; x_wconf 90' lang='lat' dir='ltr'><strong>qued.</strong></span> <span class='ocrx_word' id='word_1_197' title='bbox 617 2415 695 2480; x_wconf 91' lang='lat' dir='ltr'><strong>litera</strong></span> <span class='ocrx_word' id='word_1_198' title='bbox 709 2415 737 2479; x_wconf 93' lang='lat' dir='ltr'><strong>in</strong></span> <span class='ocrx_word' id='word_1_199' title='bbox 751 2415 893 2479; x_wconf 87' lang='lat' dir='ltr'><strong>romancio</strong></span> <span class='ocrx_word' id='word_1_200' title='bbox 905 2415 1007 2496; x_wconf 86' lang='lat' dir='ltr'><strong>scripta</strong></span> <span class='ocrx_word' id='word_1_201' title='bbox 1032 2413 1084 2478; x_wconf 93' lang='lat' dir='ltr'><strong>sub</strong></span> <span class='ocrx_word' id='word_1_202' title='bbox 1099 2433 1173 2476; x_wconf 88' lang='lat' dir='ltr'><strong>anno</strong></span> <span class='ocrx_word' id='word_1_203' title='bbox 1189 2413 1241 2476; x_wconf 76' lang='lat' dir='ltr'><strong>Dr&#39;ri</strong></span> <span class='ocrx_word' id='word_1_204' title='bbox 1256 2415 1340 2474; x_wconf 80' lang='lat' dir='ltr'>M⁰CC⁰</span> 
     </span>
     <span class='ocr_line' id='line_1_23' title="bbox 286 2507 1340 2594; baseline -0.008 -17"><span class='ocrx_word' id='word_1_205' title='bbox 286 2517 347 2592; x_wconf 86' lang='lat' dir='ltr'><strong>XC,</strong></span> <span class='ocrx_word' id='word_1_206' title='bbox 358 2514 403 2577; x_wconf 89' lang='lat' dir='ltr'><strong>die</strong></span> <span class='ocrx_word' id='word_1_207' title='bbox 426 2514 553 2577; x_wconf 82' lang='lat' dir='ltr'><strong>mercurii</strong></span> <span class='ocrx_word' id='word_1_208' title='bbox 570 2526 633 2594; x_wconf 92' lang='lat' dir='ltr'><strong>post</strong></span> <span class='ocrx_word' id='word_1_209' title='bbox 643 2512 758 2576; x_wconf 89' lang='lat' dir='ltr'><strong>octabas</strong></span> <span class='ocrx_word' id='word_1_210' title='bbox 771 2511 996 2576; x_wconf 78' lang='lat' dir='ltr'><strong>annunciationis</strong></span> <span class='ocrx_word' id='word_1_211' title='bbox 1009 2511 1090 2574; x_wconf 90' lang='lat' dir='ltr'><strong>beate</strong></span> <span class='ocrx_word' id='word_1_212' title='bbox 1105 2511 1203 2588; x_wconf 82' lang='lat' dir='ltr'><strong>uarie,</strong></span> <span class='ocrx_word' id='word_1_213' title='bbox 1219 2507 1340 2592; x_wconf 88' lang='lat' dir='ltr'><strong>quondam</strong></span> 
     </span>
     <span class='ocr_line' id='line_1_24' title="bbox 285 2605 1343 2692; baseline -0.008 -19"><span class='ocrx_word' id='word_1_214' title='bbox 285 2629 374 2692; x_wconf 87' lang='lat' dir='ltr'><strong>parvo</strong></span> <span class='ocrx_word' id='word_1_215' title='bbox 394 2609 483 2691; x_wconf 89' lang='lat' dir='ltr'><strong>sigillo</strong></span> <span class='ocrx_word' id='word_1_216' title='bbox 496 2611 524 2672; x_wconf 93' lang='lat' dir='ltr'><strong>in</strong></span> <span class='ocrx_word' id='word_1_217' title='bbox 538 2611 668 2692; x_wconf 88' lang='lat' dir='ltr'><strong>pendenti</strong></span> <span class='ocrx_word' id='word_1_218' title='bbox 693 2609 821 2692; x_wconf 83' lang='lat' dir='ltr'><strong>sigillata,</strong></span> <span class='ocrx_word' id='word_1_219' title='bbox 842 2610 987 2672; x_wconf 89' lang='lat' dir='ltr'><strong>continens</strong></span> <span class='ocrx_word' id='word_1_220' title='bbox 1007 2622 1088 2690; x_wconf 86' lang='lat' dir='ltr'><strong>pacta</strong></span> <span class='ocrx_word' id='word_1_221' title='bbox 1109 2623 1138 2670; x_wconf 94' lang='lat' dir='ltr'><strong>et</strong></span> <span class='ocrx_word' id='word_1_222' title='bbox 1155 2605 1343 2671; x_wconf 88' lang='lat' dir='ltr'><strong>convenciones</strong></span> 
     </span>
     <span class='ocr_line' id='line_1_25' title="bbox 288 2704 1341 2785; baseline -0.009 -15"><span class='ocrx_word' id='word_1_223' title='bbox 288 2707 374 2770; x_wconf 87' lang='lat' dir='ltr'><strong>lactas</strong></span> <span class='ocrx_word' id='word_1_224' title='bbox 386 2707 458 2770; x_wconf 91' lang='lat' dir='ltr'><strong>inter</strong></span> <span class='ocrx_word' id='word_1_225' title='bbox 470 2706 545 2770; x_wconf 91' lang='lat' dir='ltr'><strong>dom.</strong></span> <span class='ocrx_word' id='word_1_226' title='bbox 563 2708 707 2770; x_wconf 83' lang='lat' dir='ltr'><strong>Lionetam</strong></span> <span class='ocrx_word' id='word_1_227' title='bbox 724 2708 759 2771; x_wconf 91' lang='lat' dir='ltr'><strong>de</strong></span> <span class='ocrx_word' id='word_1_228' title='bbox 778 2714 843 2769; x_wconf 84' lang='lat' dir='ltr'><strong>Jacz</strong></span> <span class='ocrx_word' id='word_1_229' title='bbox 863 2721 891 2769; x_wconf 89' lang='lat' dir='ltr'><strong>et</strong></span> <span class='ocrx_word' id='word_1_230' title='bbox 909 2705 1082 2768; x_wconf 89' lang='lat' dir='ltr'><strong>Guillelmum</strong></span> <span class='ocrx_word' id='word_1_231' title='bbox 1109 2705 1169 2785; x_wconf 87' lang='lat' dir='ltr'><strong>ejus</strong></span> <span class='ocrx_word' id='word_1_232' title='bbox 1188 2704 1268 2768; x_wconf 89' lang='lat' dir='ltr'><strong>hlium</strong></span> <span class='ocrx_word' id='word_1_233' title='bbox 1288 2717 1341 2764; x_wconf 89' lang='lat' dir='ltr'><strong>cum</strong></span> 
     </span>
     <span class='ocr_line' id='line_1_26' title="bbox 286 2797 1343 2884; baseline -0.009 -18"><span class='ocrx_word' id='word_1_234' title='bbox 286 2803 365 2866; x_wconf 87' lang='lat' dir='ltr'><strong>dom⁰</strong></span> <span class='ocrx_word' id='word_1_235' title='bbox 381 2803 534 2866; x_wconf 71' lang='lat' dir='ltr'><strong>humberto</strong></span> <span class='ocrx_word' id='word_1_236' title='bbox 548 2802 678 2884; x_wconf 80' lang='lat' dir='ltr'><strong>delphino</strong></span> <span class='ocrx_word' id='word_1_237' title='bbox 699 2803 857 2881; x_wconf 87' lang='lat' dir='ltr'><strong>Viennensi,</strong></span> <span class='ocrx_word' id='word_1_238' title='bbox 877 2817 905 2866; x_wconf 91' lang='lat' dir='ltr'><strong>et</strong></span> <span class='ocrx_word' id='word_1_239' title='bbox 918 2817 960 2866; x_wconf 91' lang='lat' dir='ltr'><strong>est</strong></span> <span class='ocrx_word' id='word_1_240' title='bbox 975 2802 1069 2866; x_wconf 89' lang='lat' dir='ltr'><strong>similis</strong></span> <span class='ocrx_word' id='word_1_241' title='bbox 1082 2802 1228 2884; x_wconf 87' lang='lat' dir='ltr'><strong>registrata</strong></span> <span class='ocrx_word' id='word_1_242' title='bbox 1244 2815 1269 2863; x_wconf 91' lang='lat' dir='ltr'><strong>et</strong></span> <span class='ocrx_word' id='word_1_243' title='bbox 1287 2797 1343 2859; x_wconf 90' lang='lat' dir='ltr'><strong>ideo</strong></span> 
     </span>
     <span class='ocr_line' id='line_1_27' title="bbox 286 2898 589 2980; baseline 0 -18"><span class='ocrx_word' id='word_1_244' title='bbox 286 2899 376 2962; x_wconf 87' lang='lat' dir='ltr'><strong>minus</strong></span> <span class='ocrx_word' id='word_1_245' title='bbox 388 2898 521 2980; x_wconf 86' lang='lat' dir='ltr'><strong>scripturn</strong></span> <span class='ocrx_word' id='word_1_246' title='bbox 536 2914 589 2962; x_wconf 92' lang='lat' dir='ltr'><strong>est.</strong></span> 
     </span>
    </p>

    <p class='ocr_par' dir='ltr' id='par_1_6' title="bbox 284 2987 1346 3564">
     <span class='ocr_line' id='line_1_28' title="bbox 305 2987 1343 3080; baseline -0.006 -22"><span class='ocrx_word' id='word_1_247' title='bbox 305 3009 308 3014; x_wconf 84' lang='lat'>&#39;</span> <span class='ocrx_word' id='word_1_248' title='bbox 330 2996 415 3060; x_wconf 86' lang='lat'><strong>1618.</strong></span> <span class='ocrx_word' id='word_1_249' title='bbox 437 3003 516 3073; x_wconf 90' lang='lat' dir='ltr'><strong>ltem,</strong></span> <span class='ocrx_word' id='word_1_250' title='bbox 535 2997 620 3079; x_wconf 88' lang='lat' dir='ltr'><strong>qued.</strong></span> <span class='ocrx_word' id='word_1_251' title='bbox 636 2997 716 3060; x_wconf 91' lang='lat' dir='ltr'><strong>litera</strong></span> <span class='ocrx_word' id='word_1_252' title='bbox 736 2997 824 3060; x_wconf 83' lang='lat' dir='ltr'><strong>tribus</strong></span> <span class='ocrx_word' id='word_1_253' title='bbox 847 2987 943 3079; x_wconf 87' lang='lat' dir='ltr'><strong>sigillis</strong></span> <span class='ocrx_word' id='word_1_254' title='bbox 959 2997 987 3060; x_wconf 89' lang='lat' dir='ltr'><strong>in</strong></span> <span class='ocrx_word' id='word_1_255' title='bbox 1002 2997 1134 3080; x_wconf 86' lang='lat' dir='ltr'><strong>pendenti</strong></span> <span class='ocrx_word' id='word_1_256' title='bbox 1155 2996 1276 3078; x_wconf 82' lang='lat' dir='ltr'><strong>sigillata,</strong></span> <span class='ocrx_word' id='word_1_257' title='bbox 1299 2987 1343 3052; x_wconf 90' lang='lat' dir='ltr'><strong>sub</strong></span> 
     </span>
     <span class='ocr_line' id='line_1_29' title="bbox 285 3091 1345 3170; baseline -0.008 -14"><span class='ocrx_word' id='word_1_258' title='bbox 285 3111 359 3156; x_wconf 87' lang='lat' dir='ltr'><strong>anno</strong></span> <span class='ocrx_word' id='word_1_259' title='bbox 372 3093 426 3155; x_wconf 84' lang='lat' dir='ltr'><strong>oni</strong></span> <span class='ocrx_word' id='word_1_260' title='bbox 442 3099 699 3170; x_wconf 82' lang='lat' dir='ltr'><strong>M⁰CC⁰LXX.1X⁰,</strong></span> <span class='ocrx_word' id='word_1_261' title='bbox 713 3093 757 3156; x_wconf 90' lang='lat' dir='ltr'><strong>die</strong></span> <span class='ocrx_word' id='word_1_262' title='bbox 774 3092 902 3157; x_wconf 87' lang='lat' dir='ltr'><strong>mercurii</strong></span> <span class='ocrx_word' id='word_1_263' title='bbox 916 3108 980 3157; x_wconf 90' lang='lat' dir='ltr'><strong>ante</strong></span> <span class='ocrx_word' id='word_1_264' title='bbox 989 3095 1089 3158; x_wconf 78' lang='lat' dir='ltr'><strong>festum</strong></span> <span class='ocrx_word' id='word_1_265' title='bbox 1099 3094 1126 3157; x_wconf 85' lang='lat' dir='ltr'><strong>b¹</strong></span> <span class='ocrx_word' id='word_1_266' title='bbox 1137 3091 1264 3156; x_wconf 84' lang='lat' dir='ltr'><strong>lobannis</strong></span> <span class='ocrx_word' id='word_1_267' title='bbox 1272 3103 1345 3169; x_wconf 90' lang='lat' dir='ltr'><strong>apos-</strong></span> 
     </span>
     <span class='ocr_line' id='line_1_30' title="bbox 284 3182 1345 3273; baseline -0.007 -20"><span class='ocrx_word' id='word_1_268' title='bbox 284 3190 345 3268; x_wconf 90' lang='lat' dir='ltr'><strong>toli,</strong></span> <span class='ocrx_word' id='word_1_269' title='bbox 361 3189 505 3253; x_wconf 88' lang='lat' dir='ltr'><strong>continens</strong></span> <span class='ocrx_word' id='word_1_270' title='bbox 519 3191 593 3273; x_wconf 91' lang='lat' dir='ltr'><strong>quod</strong></span> <span class='ocrx_word' id='word_1_271' title='bbox 608 3191 685 3253; x_wconf 77' lang='lat' dir='ltr'><strong>dom³</strong></span> <span class='ocrx_word' id='word_1_272' title='bbox 702 3199 794 3254; x_wconf 77' lang='lat' dir='ltr'><strong>tenna</strong></span> <span class='ocrx_word' id='word_1_273' title='bbox 808 3192 919 3254; x_wconf 86' lang='lat' dir='ltr'><strong>domina</strong></span> <span class='ocrx_word' id='word_1_274' title='bbox 937 3192 972 3254; x_wconf 89' lang='lat' dir='ltr'><strong>de</strong></span> <span class='ocrx_word' id='word_1_275' title='bbox 985 3200 1050 3255; x_wconf 85' lang='lat' dir='ltr'><strong>laea</strong></span> <span class='ocrx_word' id='word_1_276' title='bbox 1067 3205 1095 3255; x_wconf 89' lang='lat' dir='ltr'><strong>et</strong></span> <span class='ocrx_word' id='word_1_277' title='bbox 1117 3198 1217 3255; x_wconf 88' lang='lat' dir='ltr'><strong>Petrus</strong></span> <span class='ocrx_word' id='word_1_278' title='bbox 1239 3201 1264 3252; x_wconf 88' lang='lat' dir='ltr'><strong>et</strong></span> <span class='ocrx_word' id='word_1_279' title='bbox 1275 3182 1345 3248; x_wconf 89' lang='lat' dir='ltr'><strong>Guil-</strong></span> 
     </span>
     <span class='ocr_line' id='line_1_31' title="bbox 285 3285 1345 3371; baseline 0.001 -23"><span class='ocrx_word' id='word_1_280' title='bbox 285 3286 383 3350; x_wconf 89' lang='lat' dir='ltr'><strong>lelmus</strong></span> <span class='ocrx_word' id='word_1_281' title='bbox 391 3287 450 3366; x_wconf 87' lang='lat' dir='ltr'><strong>ejus</strong></span> <span class='ocrx_word' id='word_1_282' title='bbox 463 3285 511 3349; x_wconf 90' lang='lat' dir='ltr'><strong>frlii</strong></span> <span class='ocrx_word' id='word_1_283' title='bbox 525 3287 643 3350; x_wconf 82' lang='lat' dir='ltr'><strong>confessi</strong></span> <span class='ocrx_word' id='word_1_284' title='bbox 659 3289 769 3350; x_wconf 84' lang='lat' dir='ltr'><strong>fuerunt</strong></span> <span class='ocrx_word' id='word_1_285' title='bbox 783 3288 885 3351; x_wconf 89' lang='lat' dir='ltr'><strong>debere</strong></span> <span class='ocrx_word' id='word_1_286' title='bbox 906 3289 995 3352; x_wconf 86' lang='lat' dir='ltr'><strong>eidem</strong></span> <span class='ocrx_word' id='word_1_287' title='bbox 1010 3290 1087 3353; x_wconf 72' lang='lat' dir='ltr'><strong>dom²</strong></span> <span class='ocrx_word' id='word_1_288' title='bbox 1105 3287 1244 3371; x_wconf 78' lang='lat' dir='ltr'><strong>(eeatrici)</strong></span> <span class='ocrx_word' id='word_1_289' title='bbox 1264 3291 1309 3349; x_wconf 73' lang='lat' dir='ltr'><strong>vm</strong></span> <span class='ocrx_word' id='word_1_290' title='bbox 1321 3294 1345 3343; x_wconf 87' lang='lat' dir='ltr'><strong>et</strong></span> 
     </span>
     <span class='ocr_line' id='line_1_32' title="bbox 286 3382 1346 3468; baseline -0.002 -23"><span class='ocrx_word' id='word_1_291' title='bbox 286 3385 324 3445; x_wconf 89' lang='lat' dir='ltr'><strong>Vc</strong></span> <span class='ocrx_word' id='word_1_292' title='bbox 339 3402 368 3445; x_wconf 86' lang='lat' dir='ltr'><strong>vr</strong></span> <span class='ocrx_word' id='word_1_293' title='bbox 384 3383 468 3446; x_wconf 89' lang='lat' dir='ltr'><strong>libras</strong></span> <span class='ocrx_word' id='word_1_294' title='bbox 481 3403 509 3446; x_wconf 83' lang='lat' dir='ltr'><strong>xi</strong></span> <span class='ocrx_word' id='word_1_295' title='bbox 519 3383 601 3448; x_wconf 87' lang='lat' dir='ltr'><strong>solid.</strong></span> <span class='ocrx_word' id='word_1_296' title='bbox 611 3403 648 3452; x_wconf 82' lang='lat' dir='ltr'><strong>,ru</strong></span> <span class='ocrx_word' id='word_1_297' title='bbox 659 3383 755 3447; x_wconf 89' lang='lat' dir='ltr'><strong>denar.</strong></span> <span class='ocrx_word' id='word_1_298' title='bbox 768 3384 879 3446; x_wconf 88' lang='lat' dir='ltr'><strong>obolum</strong></span> <span class='ocrx_word' id='word_1_299' title='bbox 894 3385 1029 3449; x_wconf 85' lang='lat' dir='ltr'><strong>viennen.</strong></span> <span class='ocrx_word' id='word_1_300' title='bbox 1041 3404 1092 3467; x_wconf 92' lang='lat' dir='ltr'><strong>pru</strong></span> <span class='ocrx_word' id='word_1_301' title='bbox 1103 3385 1232 3468; x_wconf 78' lang='lat' dir='ltr'><strong>gungeria</strong></span> <span class='ocrx_word' id='word_1_302' title='bbox 1241 3382 1274 3445; x_wconf 90' lang='lat' dir='ltr'><strong>de</strong></span> <span class='ocrx_word' id='word_1_303' title='bbox 1284 3387 1346 3445; x_wconf 85' lang='lat' dir='ltr'><strong>Ver·</strong></span> 
     </span>
     <span class='ocr_line' id='line_1_33' title="bbox 286 3480 1119 3564; baseline 0.004 -22"><span class='ocrx_word' id='word_1_304' title='bbox 286 3499 338 3564; x_wconf 84' lang='lat' dir='ltr'><strong>soy</strong></span> <span class='ocrx_word' id='word_1_305' title='bbox 350 3493 378 3544; x_wconf 90' lang='lat' dir='ltr'><strong>et</strong></span> <span class='ocrx_word' id='word_1_306' title='bbox 387 3480 422 3544; x_wconf 90' lang='lat' dir='ltr'><strong>de</strong></span> <span class='ocrx_word' id='word_1_307' title='bbox 431 3481 518 3544; x_wconf 58' lang='lat' dir='ltr'><strong>&#39;Clusa</strong></span> <span class='ocrx_word' id='word_1_308' title='bbox 528 3495 557 3544; x_wconf 89' lang='lat' dir='ltr'><strong>et</strong></span> <span class='ocrx_word' id='word_1_309' title='bbox 570 3480 655 3543; x_wconf 85' lang='lat' dir='ltr'><strong>leudo</strong></span> <span class='ocrx_word' id='word_1_310' title='bbox 668 3481 750 3544; x_wconf 82' lang='lat' dir='ltr'><strong>castri</strong></span> <span class='ocrx_word' id='word_1_311' title='bbox 765 3481 929 3545; x_wconf 84' lang='lat' dir='ltr'><strong>castillionis</strong></span> <span class='ocrx_word' id='word_1_312' title='bbox 942 3483 970 3544; x_wconf 94' lang='lat' dir='ltr'><strong>in</strong></span> <span class='ocrx_word' id='word_1_313' title='bbox 992 3482 1119 3545; x_wconf 87' lang='lat' dir='ltr'><strong>Michala.</strong></span> 
     </span>
    </p>

    <p class='ocr_par' dir='ltr' id='par_1_7' title="bbox 285 3577 1348 3952">
     <span class='ocr_line' id='line_1_34' title="bbox 330 3577 1345 3663; baseline -0.006 -22"><span class='ocrx_word' id='word_1_314' title='bbox 330 3577 414 3660; x_wconf 78' lang='lat'><strong>1619.</strong></span> <span class='ocrx_word' id='word_1_315' title='bbox 436 3585 515 3654; x_wconf 89' lang='lat' dir='ltr'><strong>Item,</strong></span> <span class='ocrx_word' id='word_1_316' title='bbox 533 3579 619 3660; x_wconf 92' lang='lat' dir='ltr'><strong>quod.</strong></span> <span class='ocrx_word' id='word_1_317' title='bbox 641 3577 760 3640; x_wconf 88' lang='lat' dir='ltr'><strong>vidimus</strong></span> <span class='ocrx_word' id='word_1_318' title='bbox 770 3579 803 3660; x_wconf 48' lang='lat' dir='ltr'><strong>‚in</strong></span> <span class='ocrx_word' id='word_1_319' title='bbox 821 3579 937 3642; x_wconf 86' lang='lat' dir='ltr'><strong>lorrnam</strong></span> <span class='ocrx_word' id='word_1_320' title='bbox 957 3579 1095 3663; x_wconf 89' lang='lat' dir='ltr'><strong>publicam</strong></span> <span class='ocrx_word' id='word_1_321' title='bbox 1120 3579 1248 3661; x_wconf 90' lang='lat' dir='ltr'><strong>scriptum</strong></span> <span class='ocrx_word' id='word_1_322' title='bbox 1271 3593 1345 3638; x_wconf 89' lang='lat' dir='ltr'><strong>manu</strong></span> 
     </span>
     <span class='ocr_line' id='line_1_35' title="bbox 287 3672 1348 3757; baseline -0.005 -19"><span class='ocrx_word' id='word_1_323' title='bbox 287 3675 417 3757; x_wconf 90' lang='lat' dir='ltr'><strong>Stephani</strong></span> <span class='ocrx_word' id='word_1_324' title='bbox 434 3675 469 3738; x_wconf 90' lang='lat' dir='ltr'><strong>de</strong></span> <span class='ocrx_word' id='word_1_325' title='bbox 478 3676 564 3752; x_wconf 86' lang='lat' dir='ltr'><strong>Disie,</strong></span> <span class='ocrx_word' id='word_1_326' title='bbox 576 3675 627 3739; x_wconf 91' lang='lat' dir='ltr'><strong>sub</strong></span> <span class='ocrx_word' id='word_1_327' title='bbox 642 3695 714 3739; x_wconf 93' lang='lat' dir='ltr'><strong>anno</strong></span> <span class='ocrx_word' id='word_1_328' title='bbox 727 3676 780 3739; x_wconf 78' lang='lat' dir='ltr'><strong>Drli</strong></span> <span class='ocrx_word' id='word_1_329' title='bbox 796 3683 950 3740; x_wconf 74' lang='lat' dir='ltr'><strong>MocC⁰XC</strong></span> <span class='ocrx_word' id='word_1_330' title='bbox 967 3685 1029 3754; x_wconf 87' lang='lat' dir='ltr'>V1⁰‚</span> <span class='ocrx_word' id='word_1_331' title='bbox 1042 3678 1086 3739; x_wconf 91' lang='lat' dir='ltr'><strong>die</strong></span> <span class='ocrx_word' id='word_1_332' title='bbox 1098 3677 1209 3740; x_wconf 88' lang='lat' dir='ltr'><strong>veneris</strong></span> <span class='ocrx_word' id='word_1_333' title='bbox 1223 3688 1283 3738; x_wconf 89' lang='lat' dir='ltr'><strong>ante</strong></span> <span class='ocrx_word' id='word_1_334' title='bbox 1299 3672 1348 3734; x_wconf 84' lang='lat' dir='ltr'><strong>les·</strong></span> 
     </span>
     <span class='ocr_line' id='line_1_36' title="bbox 285 3770 1346 3856; baseline -0.002 -24"><span class='ocrx_word' id='word_1_335' title='bbox 285 3783 343 3834; x_wconf 88' lang='lat' dir='ltr'><strong>turn</strong></span> <span class='ocrx_word' id='word_1_336' title='bbox 357 3770 383 3834; x_wconf 94' lang='lat' dir='ltr'><strong>b¹</strong></span> <span class='ocrx_word' id='word_1_337' title='bbox 395 3771 545 3849; x_wconf 87' lang='lat' dir='ltr'><strong>Michaelis,</strong></span> <span class='ocrx_word' id='word_1_338' title='bbox 560 3772 638 3853; x_wconf 88' lang='lat' dir='ltr'><strong>cujus</strong></span> <span class='ocrx_word' id='word_1_339' title='bbox 651 3772 784 3854; x_wconf 85' lang='lat' dir='ltr'><strong>originale</strong></span> <span class='ocrx_word' id='word_1_340' title='bbox 793 3773 915 3838; x_wconf 91' lang='lat' dir='ltr'><strong>continet</strong></span> <span class='ocrx_word' id='word_1_341' title='bbox 929 3775 1145 3856; x_wconf 86' lang='lat' dir='ltr'><strong>recognitionem</strong></span> <span class='ocrx_word' id='word_1_342' title='bbox 1155 3773 1235 3838; x_wconf 82' lang='lat' dir='ltr'><strong>castri</strong></span> <span class='ocrx_word' id='word_1_343' title='bbox 1244 3771 1346 3834; x_wconf 87' lang='lat' dir='ltr'><strong>delacz</strong></span> 
     </span>
     <span class='ocr_line' id='line_1_37' title="bbox 287 3866 1197 3952; baseline 0.005 -23"><span class='ocrx_word' id='word_1_344' title='bbox 287 3881 315 3930; x_wconf 90' lang='lat' dir='ltr'><strong>et</strong></span> <span class='ocrx_word' id='word_1_345' title='bbox 329 3866 380 3930; x_wconf 86' lang='lat' dir='ltr'><strong>fuit</strong></span> <span class='ocrx_word' id='word_1_346' title='bbox 395 3867 462 3931; x_wconf 91' lang='lat' dir='ltr'><strong>alias</strong></span> <span class='ocrx_word' id='word_1_347' title='bbox 479 3869 611 3950; x_wconf 86' lang='lat' dir='ltr'><strong>originale</strong></span> <span class='ocrx_word' id='word_1_348' title='bbox 631 3869 817 3952; x_wconf 73' lang='lat' dir='ltr'><strong>mgistratum,</strong></span> <span class='ocrx_word' id='word_1_349' title='bbox 837 3871 901 3937; x_wconf 91' lang='lat' dir='ltr'><strong>ideo</strong></span> <span class='ocrx_word' id='word_1_350' title='bbox 914 3871 1036 3936; x_wconf 88' lang='lat' dir='ltr'><strong>breviter</strong></span> <span class='ocrx_word' id='word_1_351' title='bbox 1055 3871 1197 3936; x_wconf 88' lang='lat' dir='ltr'><strong>transitur.</strong></span> 
     </span>
    </p>

    <p class='ocr_par' dir='ltr' id='par_1_8' title="bbox 331 3961 1346 4050">
     <span class='ocr_line' id='line_1_38' title="bbox 331 3961 1346 4050; baseline 0.001 -24"><span class='ocrx_word' id='word_1_352' title='bbox 331 3963 414 4026; x_wconf 86' lang='lat'><strong>1620.</strong></span> <span class='ocrx_word' id='word_1_353' title='bbox 433 3971 511 4042; x_wconf 88' lang='lat' dir='ltr'><strong>ltern,</strong></span> <span class='ocrx_word' id='word_1_354' title='bbox 522 3965 606 4049; x_wconf 92' lang='lat' dir='ltr'><strong>qued.</strong></span> <span class='ocrx_word' id='word_1_355' title='bbox 620 3965 698 4030; x_wconf 89' lang='lat' dir='ltr'><strong>litere</strong></span> <span class='ocrx_word' id='word_1_356' title='bbox 714 3967 831 4050; x_wconf 83' lang='lat' dir='ltr'><strong>sigillare</strong></span> <span class='ocrx_word' id='word_1_357' title='bbox 844 3967 873 4030; x_wconf 92' lang='lat' dir='ltr'><strong>in</strong></span> <span class='ocrx_word' id='word_1_358' title='bbox 887 3967 1018 4050; x_wconf 87' lang='lat' dir='ltr'><strong>pendenti</strong></span> <span class='ocrx_word' id='word_1_359' title='bbox 1036 3967 1128 4050; x_wconf 84' lang='lat' dir='ltr'><strong>sigillo</strong></span> <span class='ocrx_word' id='word_1_360' title='bbox 1140 3968 1215 4032; x_wconf 87' lang='lat' dir='ltr'><strong>curie</strong></span> <span class='ocrx_word' id='word_1_361' title='bbox 1229 3961 1346 4030; x_wconf 85' lang='lat' dir='ltr'><strong>officialis</strong></span> 
     </span>
    </p>
   </div>
   <div class='ocr_carea' id='block_1_5' title="bbox 327 4167 934 4246">
    <p class='ocr_par' dir='ltr' id='par_1_9' title="bbox 327 4167 934 4246">
     <span class='ocr_line' id='line_1_39' title="bbox 327 4167 934 4246; baseline 0.008 -22"><span class='ocrx_word' id='word_1_362' title='bbox 327 4185 349 4225; x_wconf 93' lang='lat' dir='ltr'><strong>r.</strong></span> <span class='ocrx_word' id='word_1_363' title='bbox 363 4167 403 4224; x_wconf 79' lang='lat' dir='ltr'><strong>En</strong></span> <span class='ocrx_word' id='word_1_364' title='bbox 416 4186 449 4226; x_wconf 88' lang='lat' dir='ltr'><strong>m.</strong></span> <span class='ocrx_word' id='word_1_365' title='bbox 465 4167 728 4242; x_wconf 42' lang='lat' dir='ltr'><strong>Repositeinfcolfino</strong></span> <span class='ocrx_word' id='word_1_366' title='bbox 742 4169 934 4246; x_wconf 83' lang='lat' dir='ltr'><strong>privilegiorum.</strong></span> 
     </span>
    </p>
   </div>
   <div class='ocr_carea' id='block_1_6' title="bbox 0 0 1432 4900">
    <p class='ocr_par' dir='ltr' id='par_1_10' title="bbox 0 0 1432 4900">
     <span class='ocr_line' id='line_1_40' title="bbox 0 0 1432 4900; baseline 0 0"><span class='ocrx_word' id='word_1_367' title='bbox 0 0 1432 4900; x_wconf 95' lang='lat' dir='ltr'><strong> </strong></span> 
     </span>
    </p>
   </div>
  </div>
 </body>
</html>
