2842 4900
512 407 691 470 ..ω-

76 519 177 582 domino
189 519 301 582 interra
316 519 422 584 Turris.
443 554 485 568 -
503 537 586 584 1201.
607 528 687 598 Item,
705 528 846 588 XXXVIII
862 521 958 604 script.
974 541 1035 600 am,
1050 521 1139 586 dicet

74 617 128 679 loco
143 614 239 698 quibus
255 635 339 696 supra
352 635 446 696 pron,
476 605 624 681 continens'
639 618 797 699 homagium
823 617 918 699 ligium
931 617 1075 699 prestitum
1088 636 1139 700 pet
1196 681 1197 684 ,

75 713 142 775 dom.
155 711 296 794 Pc(trum)
310 713 408 776 Vetule
421 713 534 778 militem
546 713 626 777 (1111ο
643 713 773 796 dalphino
792 727 821 777 et
838 713 1002 796 recognovit
1024 714 1137 778 domum

74 829 142 872 suan
150 809 248 872 fortem
262 823 383 872 teneres
397 810 510 872 domino
524 824 552 874 et
563 811 697 893 quidquid
712 811 796 874 habet
809 823 838 873 et
850 810 886 872 ab
900 829 935 873 co
945 824 1056 874 tenetur
1064 811 1138 892 apud

77 908 117 970 Itis
130 921 157 971 et
169 926 219 988 pro
235 907 368 988 predictis
382 906 467 970 debet
480 907 593 970 domino
619 927 639 970 ιι
667 908 782 970 sestaria
802 907 932 970 humenti
958 920 987 970 et
1014 926 1034 970 ιι
1053 927 1139 990 panes

75 1004 213 1085 quinalent
227 1023 246 1064 ιι
261 1003 342 1066 solid.
358 1023 409 1084 pro
423 1005 509 1086 garda
523 1019 551 1068 ct
564 1023 599 1066 nx
612 1004 693 1068 solid.
712 1005 848 1068 viennen.
862 1005 890 1067 in
905 1004 1057 1068 mutatione
1074 1005 1137 1068 leu-

76 1101 175 1164 datarii.
189 1135 226 1153 -
246 1118 330 1163 1202.
348 1108 429 1178 Item,
448 1108 565 1164 XXXIX
591 1101 686 1182 script.
705 1113 734 1164 ut
755 1121 849 1182 supra,
879 1101 1024 1164 continens
1045 1103 1141 1164 homa·

75 1199 140 1280 gium
154 1198 247 1279 ligium
259 1199 363 1262 iactum
377 1218 428 1280 per
442 1200 583 1262 Matheum
593 1199 628 1262 de
645 1198 735 1264 Insula
750 1197 830 1260 domo
846 1199 978 1280 dalphino
991 1213 1020 1262 et
1031 1199 1140 1262 confes-

4 1337 6 1368 ,
76 1315 115 1358 sus
129 1295 180 1358 fuit
192 1315 223 1358 se
235 1308 333 1358 tenere
345 1317 362 1358 a
376 1296 489 1359 domino
504 1297 539 1364 de
549 1304 637 1360 Turre
648 1297 781 1379 quidquid
796 1296 881 1359 habet
896 1297 970 1378 apud
986 1297 1138 1360 marciIIeu.

4 1407 5 1430 ι
75 1411 196 1471 -1203.
206 1399 285 1468 Item,
301 1399 349 1455 XI.
360 1392 456 1474 script.
473 1405 501 1455 ut
514 1412 609 1474 supra,
617 1393 927 1475 continenshomagium
937 1393 1083 1475 prestitum
1091 1413 1142 1475 per

76 1489 250 1552 humbertum
262 1488 348 1552 hlium
364 1490 473 1552 Martini
494 1489 530 1552 dc
546 1490 694 1553 Monchalu
714 1490 794 1553 dom0
814 1490 944 1572 dalphino
967 1490 1080 1554 domino
1106 1491 1142 1553 de

76 1593 156 1649 Iurre
173 1600 202 1650 et
210 1587 433 1669 recognicionem
452 1587 488 1650 de
497 1587 549 1680 hiis
558 1607 613 1669 que
626 1587 662 1650 ab
679 1607 713 1650 eo
736 1586 850 1651 tenebat
865 1587 939 1668 apud
953 1587 1139 1650 Monchalin1.

4 1687 5 1736 ἶ
76 1721 107 1734 -
126 1705 212 1766 ¹2⁰4·
230 1693 310 1764 Item,
325 1694 387 1748 XLI
410 1687 537 1750 instrum.
553 1687 649 1768 script.
674 1697 806 1769 utsupra,
822 1686 968 1750 continens
984 1686 1143 1768 homagium

4 1789 6 1808 ⁸
74 1784 158 1865 lgium
173 1785 318 1866 prestitum
332 1804 384 1866 per
394 1785 536 1848 nIbermm
546 1785 581 1848 de
598 1793 686 1848 Heres
700 1785 813 1848 domino
838 1785 873 1848 de
894 1791 984 1848 Turre
1007 1799 1035 1849 et
1060 1805 1144 1849 reco-

77 1881 225 1962 gnicionem
241 1902 293 1964 per
304 1902 367 1946 eum
380 1882 482 1946 laetam
496 1883 531 1946 de
550 1883 619 1945 turri
633 1901 683 1945 sua
697 1883 733 1944 de
752 1889 840 1945 IIercs
847 1881 916 1945 etde
926 1882 978 1945 hiis
991 1903 1045 1964 que
1060 1881 1145 1948 habet
1251 1891 1252 1895 ’

4 2007 5 2040 r
76 1977 99 2040 in
111 1978 245 2042 fortalicio
257 1980 293 2042 de
301 1987 401 2055 Heres,
419 1978 493 2061 apud
516 1979 653 2059 Balmam,
675 1980 749 2062 apud
774 1980 914 2058 Cachinis,
937 1980 1011 2062 apud
1025 1980 1142 2060 Saletcs,

4 2085 5 2144 j
77 2077 140 2156 apud
156 2076 271 2139 Brossia
284 2089 312 2139 et
327 2076 453 2139 homines
470 2075 506 2138 de
517 2076 676 2160 Proyleset
688 2077 723 2140 de
747 2076 883 2140 Marcillel
897 2090 926 2140 et
937 2077 1011 2159 apud
1028 2077 1143 2159 Ungles,

4 2159 5 2190 r
75 2172 140 2252 apud
157 2180 302 2255 sareyres
318 2173 393 2254 apud
409 2172 600 2249 Moncalencz,
626 2186 654 2236 et
676 2173 887 2255 aquirimentum
913 2172 988 2255 quod
1008 2173 1104 2237 habuit
1129 2197 1146 2238 a

79 2275 213 2332 Bosoneto
223 2269 259 2330 tle
272 2269 374 2331 Briort.
388 2303 429 2316 -
444 2287 528 2351 ¹205·
545 2276 625 2342 Item,
641 2276 716 2331 XLII
734 2269 829 2351 script.
845 2281 980 2351 utsupra,
1001 2269 1147 2334 continens

4 2371 6 2430 ι
78 2367 229 2450 homagium
241 2367 335 2448 ligium
356 2367 499 2449 prestitum
513 2386 565 2449 per
590 2367 759 2448 Stephanum
787 2367 823 2430 de
848 2373 947 2448 Ruppe
974 2367 1086 2429 domino
1112 2367 1148 2430 de

4 2473 5 2550 i
79 2469 158 2526 Turre
178 2477 208 2526 et
222 2464 445 2544 recognicionem
474 2484 525 2546 per
548 2483 610 2527 eum
629 2464 730 2526 factam
760 2464 795 2526 de
817 2463 941 2546 hiisque
969 2477 1046 2526 tenet
1076 2464 1148 2526 ultra

4 2625 5 2632 ,
81 2561 219 2624 Rodanum
247 2562 395 2626 adomino
419 2563 454 2625 de
477 2569 577 2626 Turre.
607 2589 646 2602 ·-
679 2563 764 2625 1206.
796 2570 875 2640 Item,
900 2569 990 2626 XLIII
1019 2564 1146 2626 instrum.

80 2657 166 2738 script.
197 2670 226 2720 ut
259 2678 354 2740 supra,
387 2659 533 2722 continens
557 2657 716 2740 homagium
734 2658 828 2740 ligium
852 2658 954 2722 lactum
977 2659 1090 2722 domino
1114 2660 1149 2722 de

81 2759 161 2818 Turre
188 2775 241 2838 per
262 2755 334 2818 diros
355 2757 538 2820 humbertum
555 2768 584 2818 et
611 2755 764 2818 Asselmum
787 2755 900 2818 Iollredi
927 2756 1026 2820 milites
1052 2757 1151 2820 fratres

4 2839 5 2846 ¹
82 2866 105 2914 et
125 2867 352 2934 recognoverunt
377 2873 407 2915 se
432 2867 529 2916 tenere
541 2852 577 2915 ab
591 2852 690 2915 codem
705 2851 819 2914 domino
849 2851 885 2914 de
906 2858 995 2916 Turre
1018 2854 1151 2936 quidquid

4 2995 5 3000 ι
81 2961 170 3012 tenent
195 2949 224 3011 in
246 2948 312 3012 villa
340 2963 369 3012 et
392 2949 539 3031 parrochia
571 2948 608 3011 de
637 2957 740 3031 loyes,
770 2961 888 3031 excepta
906 2949 991 3032 quad.
1017 2951 1099 3012 vinea
1125 2963 1154 3014 et

83 3046 161 3126 quod.
176 3065 276 3127 campo
286 3058 315 3109 et
327 3060 488 3110 tenemento
502 3045 634 3108 Iohannis
649 3044 785 3108 Gizoletz.
797 3079 835 3094 -
852 3063 936 3125 1207.
955 3053 1034 3121 Item,
1049 3052 1152 3108 XLIIII
1263 3073 1265 3082 ¹

82 3143 202 3207 instrum.
218 3144 315 3226 script.
326 3158 354 3208 ut
366 3166 461 3227 supra,
478 3145 624 3209 continens
647 3143 804 3225 homagium
820 3142 913 3224 ligium
935 3141 1079 3223 prestitum
1105 3159 1155 3222 per

85 3246 191 3302 Petrum
207 3241 243 3303 de
258 3242 387 3326 Qiriaco
401 3243 482 3306 domo
498 3242 652 3306 humberto
667 3240 780 3302 domino
798 3239 833 3301 de
853 3246 942 3314 Turre
958 3251 987 3300 et
1012 3236 1156 3300 confessus

85 3335 167 3400 luitse
179 3351 274 3400 tencre
288 3338 434 3414 abeodem
455 3339 534 3400 dom⁰
544 3338 572 3401 in
585 3337 699 3402 feudum
718 3335 850 3419 quidquid
865 3335 950 3398 habet
962 3347 990 3398 et
1000 3347 1078 3398 tenet
1093 3333 1158 3396 ubi-

86 3451 197 3517 cumque
210 3435 256 3497 sit.
1002 3477 1004 3482 ·

4 3565 5 3568 =
127 3533 210 3594 1208.
230 3539 311 3608 Item,
326 3538 401 3595 XLV
417 3532 630 3596 instrumentum
647 3531 780 3613 scriptum
807 3549 880 3593 anno
896 3530 950 3593 om
979 3534 1159 3594 MIIICLXX-

4 3651 5 3666 2
87 3629 311 3706 IIII,indit.·v1²‚
332 3629 378 3693 die
405 3630 535 3693 mercurii
548 3643 612 3711 post
627 3629 727 3692 festum
750 3627 907 3690 Natiuitatis
926 3627 1047 3704 Domini,
1064 3628 1158 3690 conti-

4 3731 5 3800 }
86 3741 151 3786 nens
164 3725 322 3808 homagium
336 3726 481 3807 prestitum
493 3725 674 3809 pernobilem
691 3723 875 3787 Ilumbertum
896 3723 931 3786 de
953 3723 1063 3808 Chasey
1081 3724 1161 3786 ι1οι1ο

4 3805 6 3830 ⁸
90 3823 237 3886 humberto
263 3822 376 3887 domino
397 3823 433 3886 de
453 3830 542 3896 Turre
568 3836 597 3885 et
620 3822 657 3884 ab
680 3841 715 3884 eo
734 3820 899 3901 recognovit
911 3834 1007 3884 tenere
1024 3821 1159 3904 quidquid

4 3967 5 3984 ι
88 3919 169 3983 habet
182 3921 252 4002 apud
267 3929 394 4002 Eporton
407 3934 435 3984 et
445 3920 579 4003 quidquid
596 3919 680 3983 habet
690 3919 719 3982 in
733 3919 928 3981 mandamento
948 3920 1117 3983 columbarii
1133 3933 1160 3982 et
1266 3937 1269 3944 ·

129 4139 150 4178 ι.
166 4121 204 4176 En
218 4140 249 4178 m.
264 4121 409 4179 Morestclli.
