2844 4900
719 494 897 572 -143-

267 625 464 690 mandamento
480 625 516 688 de
527 624 660 702 Morasio,
675 625 760 688 videl.
774 643 827 707 pro
837 624 889 688 illis
900 623 1066 689 molendinis
1077 642 1132 706 que
1142 624 1253 687 fuerunt
1267 621 1335 686 Guil-

266 721 340 785 lelmi
367 722 534 786 Bertholenc
547 720 584 784 de
598 720 740 805 Rovoyria
754 717 942 786 mandamenti
970 720 1005 784 de
1029 720 1177 799 Morassio,
1207 733 1288 803 prout
1310 720 1334 809 in

195 899 201 910 .
265 817 342 883 dicto
350 819 441 884 ἰιιεῑιω
450 818 559 901 plenius
573 818 740 882 continetur.

305 918 375 995 852.
404 925 484 994 Item,
514 918 600 999 quod.
629 917 707 999 publ.
729 916 941 981 instrumentum
966 917 1098 998 scriptum
1128 935 1211 977 manu
1236 913 1335 977 Thone

204 1023 207 1032 '
265 1013 388 1078 Guorolli
405 1014 504 1077 notarii
523 1014 601 1094 publ.
614 1013 667 1077 sub
681 1033 755 1078 anno
771 1013 825 1077 Diri
840 1013 1113 1096 M⁰CC⁰LXX(V1})‚
1133 1012 1219 1075 indic.
1236 1011 1334 1094 quinta,

263 1108 309 1173 die
335 1110 399 1173 lune
423 1111 452 1173 in
477 1109 570 1192 vigilia
598 1111 626 1174 b¹
654 1111 772 1190 Thome,
795 1112 940 1175 continens
967 1110 1126 1193 homagium
1140 1124 1169 1172 et
1182 1109 1334 1173 fidelitatem

263 1208 407 1290 prestitam
425 1226 476 1290 per
496 1213 610 1271 Petrum
634 1209 758 1273 Pascalis
786 1209 920 1292 Syboudo
947 1209 983 1272 de
1005 1217 1191 1286 castronovo,
1215 1206 1244 1270 in
1264 1206 1335 1286 cujus

264 1305 380 1368 Siboudi
396 1305 487 1367 locum
507 1305 632 1368 succedit
654 1306 731 1370 dom.
746 1321 842 1370 noster
860 1307 1018 1388 dalphinus,
1040 1305 1176 1369 confitens
1197 1318 1226 1368 et
1242 1323 1336 1385 recog-

262 1422 383 1467 noscens
396 1402 470 1466 idem
487 1410 587 1466 Petrus
600 1423 631 1468 se
646 1403 750 1467 debere
774 1416 803 1466 et
825 1403 928 1466 debere
942 1403 1034 1467 facere
1052 1404 1142 1467 eidem
1158 1403 1289 1487 Syboudo
1310 1413 1335 1463 et

263 1500 320 1564 suis
333 1499 412 1564 annis
426 1500 541 1582 singulis
553 1514 688 1582 perpetuo
699 1519 717 1562 ιι
728 1499 843 1563 sestaria
858 1513 906 1563 etr
926 1500 1029 1563 cartale
1049 1498 1179 1563 frumenti
1201 1517 1298 1562 census
1309 1510 1333 1559 et

262 1616 293 1660 ιιι
322 1597 438 1679 gallinas
464 1617 589 1676 census;
611 1597 677 1660 item
693 1598 782 1660 eciam
807 1597 925 1677 prestitit
958 1597 1059 1659 eodem
1087 1596 1172 1661 modo
1202 1596 1331 1658 lohannes

262 1695 358 1756 Vitalis
372 1694 532 1777 homagium
549 1695 643 1776 ligium
658 1708 687 1757 et
704 1693 865 1757 fidelitatem
878 1694 953 1756 dicto
964 1693 1099 1771 Siboudo,
1111 1692 1246 1756 confitens
1254 1691 1327 1754 iidem

260 1791 324 1854 loh.
349 1805 378 1855 et
398 1811 605 1873 recognoscens
626 1812 656 1856 se
680 1790 784 1854 debere
797 1791 890 1854 facere
903 1790 993 1853 eidem
1009 1777 1077 1874 syb.
1094 1791 1174 1854 annis
1187 1789 1294 1872 singulis
1306 1801 1328 1850 et

260 1888 317 1951 suis
331 1888 481 1952 heredibus
501 1909 520 1951 ιι
539 1890 654 1953 sestaria
678 1903 706 1952 et
728 1889 847 1952 eminam
867 1888 996 1951 frumenti
1015 1908 1132 1967 census;
1153 1889 1219 1951 item
1241 1895 1327 1949 Petrus

261 1994 395 2070 Moysens
404 1989 524 2069 prestitit
533 1989 693 2070 homagium
704 2001 732 2050 et
740 1985 901 2051 fidelitatem
911 1987 1037 2068 predicto
1048 1987 1194 2070 Syboudo,
1206 1984 1326 2050 confitens

259 2085 334 2148 idem
351 2092 451 2150 Petrus
466 2106 497 2150 se
510 2086 614 2150 debere
629 2087 704 2151 dicto
720 2086 854 2169 Syboudo
868 2086 961 2148 lacere
977 2086 1056 2148 annis
1070 2086 1185 2168 singulis
1199 2105 1237 2147 vn
1252 2101 1325 2166 quar-

257 2184 323 2247 talia
342 2198 370 2248 et
383 2186 499 2249 terciam
514 2199 622 2268 partem
634 2205 642 2247 1
659 2184 793 2267 quartalis
803 2183 933 2246 frumenti
947 2204 1048 2247 census
1062 2198 1091 2248 et
1102 2185 1218 2248 terciam
1232 2196 1324 2266 partem

261 2299 280 2344 ιι
294 2281 459 2363 gallinarum
476 2301 588 2360 census,
604 2295 689 2364 prout
704 2281 756 2345 hec
776 2295 804 2344 et
821 2279 905 2362 qued.
925 2280 978 2343 alia
990 2280 1019 2343 in
1034 2280 1108 2344 dicto
1134 2280 1224 2346 instro
1246 2277 1325 2344 conti·

256 2392 372 2442 nentur.

297 2475 367 2556 853.
398 2483 478 2554 item,
499 2476 575 2559 quod
595 2476 868 2550 ahinstrumentum
883 2475 961 2556 publ.
990 2476 1122 2557 scriptum
1148 2497 1231 2539 manu
1260 2473 1324 2538 Petri

256 2572 362 2635 Buvaci
371 2573 472 2637 notarii
488 2573 566 2655 publ.
585 2573 638 2636 sub
652 2593 726 2637 anno
745 2573 799 2636 Diri
815 2579 989 2648 M⁰CC⁰XC⁰,
1007 2573 1092 2639 indic.
1108 2594 1137 2650 ιι,
1154 2587 1207 2635 ιιιιο
1223 2571 1322 2635 kalend.
1403 2647 1404 2657 χ

253 2668 382 2750 januarii,
398 2671 544 2734 continens
559 2671 719 2753 homagium
736 2671 831 2752 ligium
861 2685 889 2734 et
903 2669 1062 2734 fidelitatem
1086 2671 1179 2752 ligiam
1194 2670 1323 2752 prestitam
1402 2703 1403 2724 ι

253 2765 333 2827 dom⁰
343 2781 440 2829 nostro
458 2766 589 2848 dalphino
609 2786 660 2847 per
682 2768 837 2831 iohannem
865 2767 902 2830 de
922 2767 1083 2832 Altovilario
1100 2769 1281 2844 domicellum,
1301 2778 1324 2828 et
1400 2761 1402 2854 J

253 2879 305 2940 pro
319 2861 438 2942 predict.
470 2862 601 2944 homagio
627 2875 656 2925 et
675 2861 808 2928 fidelitate
831 2865 906 2926 idem
924 2865 1065 2928 lohannes
1080 2866 1223 2928 confessus
1239 2864 1285 2926 fuit
1299 2881 1323 2924 se

252 2958 357 3022 habere
370 2973 398 3023 et
416 2973 513 3023 tenere
527 2975 558 3024 et
577 2961 682 3023 habere
698 2961 770 3024 velle
784 2963 820 3025 de
836 2963 921 3025 feudo
936 2961 1001 3045 ligio
1023 2977 1051 3026 et
1068 2963 1191 3025 dominio
1219 2959 1322 3044 predicti
1397 2991 1398 2994 ¹

250 3058 327 3122 dom.
337 3059 459 3141 dalphini
471 3059 603 3142 quIcquid
616 3059 711 3136 habet,
731 3073 819 3138 tenet,
836 3060 961 3141 possidet
972 3061 1016 3123 vel
1033 3060 1111 3143 quasi
1125 3067 1216 3142 perse
1228 3059 1269 3122 vel
1281 3075 1323 3138 per

248 3159 332 3221 alium
349 3180 398 3224 seu
413 3160 482 3223 alius
499 3160 609 3242 abipso
624 3160 652 3222 in
664 3173 724 3222 tota
738 3160 810 3222 valle
825 3160 954 3223 Alavardi
966 3161 995 3224 in
1008 3161 1093 3243 plano
1103 3162 1169 3225 etin
1180 3173 1279 3236 monte,
1292 3156 1321 3219 ab

248 3273 321 3336 aqua
338 3276 392 3339 que
406 3271 524 3321 vocatur
539 3264 652 3340 Bayncz
667 3277 755 3338 usque
764 3257 799 3320 ad
812 3257 913 3320 Malam
925 3256 1054 3337 Fossam,
1067 3274 1185 3341 excepto
1195 3258 1247 3321 hoc
1256 3252 1321 3338 quod

217 3421 231 3442 ‚
247 3364 349 3415 teneta
363 3354 442 3416 dom⁰
456 3354 558 3417 comite
570 3354 747 3417 Gebennensi
755 3354 829 3436 apud
838 3354 1026 3437 Chapellatam
1035 3358 1097 3421 etin
1106 3355 1250 3439 parrochia
1257 3353 1320 3415 dicte

249 3448 421 3530 chapellete‚
446 3465 474 3515 et
489 3451 620 3534 quicquid
635 3471 748 3534 quoquo
771 3452 851 3515 titulo
867 3453 952 3515 habet
967 3445 1012 3516 vel
1023 3455 1166 3537 aquisierit
1179 3454 1247 3517 infra
1259 3450 1316 3514 dict.

245 3546 381 3610 terminos
396 3549 559 3623 infuturum,
579 3549 645 3610 dum
672 3562 765 3612 tamen
782 3548 936 3630 aquirenda
965 3570 1016 3631 per
1044 3552 1135 3632 ipsum
1151 3571 1208 3614 non
1225 3558 1315 3621 essent,

135 3667 137 3671 ’
246 3657 330 3722 prout
346 3644 399 3708 hec
413 3659 440 3708 et
451 3646 531 3727 plura
548 3645 601 3708 alia
617 3645 645 3706 in
660 3645 735 3708 dicto
750 3645 841 3708 instr²⁰
853 3646 1040 3710 continentur.

286 3740 356 3822 854.
370 3748 450 3819 item,
466 3743 552 3824 qued.
569 3743 665 3806 lictera
680 3743 770 3806 tribus
784 3743 880 3825 sigillis
896 3742 924 3806 in
940 3743 1072 3826 pendenti
1086 3743 1215 3826 sigillata,
1227 3744 1315 3825 scripta

244 3836 296 3899 sub
322 3857 396 3901 anno
413 3839 467 3901 Drii
495 3846 743 3916 MocC0Xc⁰llll⁰,
763 3839 808 3902 die
821 3840 892 3920 jovis
906 3854 970 3920 post
988 3839 1155 3922 quindenam
1172 3839 1315 3926 appostolo

225 3949 305 3992 rum
324 3935 399 3996 Petri
414 3949 443 3998 et
460 3937 551 4011 Pauli,
585 3937 731 4000 continens
753 3936 985 4017 compromissum
1015 3938 1100 4020 quod.
1131 3939 1234 4004 factum
1254 3937 1314 4001 inter

241 4028 439 4093 nobilesviros
457 4032 621 4114 Syboudum
644 4035 679 4096 de
694 4041 871 4097 castronovo
895 4052 930 4094 ex
952 4053 1006 4096 una
1026 4050 1104 4114 parte
1119 4051 1146 4100 et
1165 4045 1271 4100 Petrum
1285 4031 1313 4094 de

243 4125 403 4191 Bucurione
417 4142 446 4191 et
460 4130 618 4194 Berlionem
640 4133 699 4212 ejus
718 4131 804 4193 filium
821 4152 855 4194 err
868 4131 967 4208 attera,
988 4151 1072 4212 super
1086 4133 1248 4214 quibusdam
1262 4131 1313 4194 dis-

241 4224 344 4288 cordiis
359 4241 387 4289 et
402 4229 529 4308 rancuris
542 4247 611 4309 quas
621 4230 694 4308 inter
708 4249 760 4294 eos
774 4229 926 4308 habebant,
940 4244 1025 4315 prout
1033 4231 1087 4302 bec
1101 4230 1143 4319 (αἱ
1160 4233 1194 4316 85
1203 4233 1241 4315 3)·
