2844 4900
751 440 928 504 -tod-'

301 567 445 632 Alamandi
459 571 569 649 nummi,
586 573 638 635 sub
650 590 724 634 anno
742 571 797 634 Dni
811 571 1177 648 n⁰1ttnxtttt⁰,conunens
1190 571 1264 653 quod
1274 577 1356 633 Petrus
1411 593 1412 598 ¹

302 665 427 730 Sarniers
442 669 568 732 vendidit
583 669 661 733 dom⁰
680 677 765 733 Petro
785 669 910 733 Auruscii
928 690 936 733 1
954 669 1098 733 sestarium
1115 669 1244 732 frumenti
1262 687 1354 744 census,

301 762 379 845 qood
394 763 446 828 sibi
461 764 601 830 faciebant
613 766 776 831 Guillelmus
789 766 902 830 lordani
917 780 946 829 et
958 767 1099 830 lohannes
1112 766 1277 830 Amandruci
1289 783 1356 846 super

302 858 386 924 rebus
399 861 537 924 contentis
550 863 579 925 in
592 863 667 927 dicto
678 865 780 927 instr¹⁰.

346 974 411 1037 579.
430 964 509 1035 ltem,
522 960 609 1041 quod.
624 960 702 1042 publ.
720 961 933 1024 instrumentum
947 959 1080 1042 scriptum
1093 977 1177 1022 manu
1189 930 1310 1040 lingonis
1320 964 1358 1018 lo·

301 1049 390 1112 mardi
407 1051 519 1130 notarii,
536 1054 588 1116 sub
612 1073 685 1117 anno
702 1054 756 1116 Dtli
773 1058 915 1130 tt0ccc0,
929 1071 968 1116 xn
990 1051 1104 1117 kalend.
1122 1050 1217 1126 madii,
1233 1050 1359 1114 continens

302 1146 377 1229 quod
395 1147 517 1211 Thomas
527 1149 563 1212 de
578 1149 699 1213 Peladru
715 1149 879 1214 domicellus
894 1149 972 1213 dedit
985 1149 1109 1218 Dionisio
1122 1146 1267 1232 Reynoudi
1278 1165 1359 1210 omues

301 1261 358 1320 res,
373 1245 576 1328 possessiones,
593 1248 689 1330 usagia
704 1262 732 1312 et
746 1247 875 1330 homagia
894 1260 924 1310 et
945 1265 1043 1310 omnes
1063 1245 1187 1310 actiones
1204 1262 1359 1327 quecumque

301 1340 356 1404 sint
378 1361 431 1425 que
451 1342 569 1406 condam
589 1344 701 1408 luerunt
727 1345 802 1408 Petri
826 1344 984 1429 Reynoudi,
1010 1355 1039 1407 et
1059 1343 1225 1426 generaliter
1245 1340 1359 1426 quicquid

302 1440 423 1506 habebat
435 1440 464 1504 in
480 1441 681 1506 mandamentis
695 1443 798 1507 Montis
812 1442 921 1505 Bonodi
937 1454 966 1505 et
979 1441 1015 1504 de
1031 1440 1200 1504 Bucorione.

347 1538 412 1619 580.
430 1545 509 1615 ltem,
532 1539 569 1602 al.
589 1539 666 1621 publ.
688 1540 900 1604 instrumentum
920 1539 1052 1621 scriptum
1067 1557 1151 1603 manu
1173 1537 1248 1600 Petri
1260 1535 1360 1612 Asselini
1412 1565 1413 1592 t

301 1635 412 1712 notam,
431 1635 483 1698 sub
499 1654 573 1699 anno
590 1637 644 1699 oni
667 1641 906 1714 M·ll⁶t.xxvll0,
923 1637 1068 1700 continens
1081 1633 1300 1724 recognicionem
1312 1632 1362 1695 iac-

301 1725 358 1797 tam
372 1733 453 1796 dom0
466 1739 551 1797 Petro
567 1736 692 1798 Auruscii
710 1756 760 1818 per
778 1736 933 1817 Guigonam
952 1753 1067 1796 uxorem
1089 1733 1209 1795 condam
1227 1729 1361 1794 Bermondi

302 1830 339 1893 de
359 1831 512 1912 Brognino,
535 1838 684 1914 Hugonem
700 1847 729 1896 et
742 1833 886 1896 Herlinum
902 1830 1063 1907 Bermondi,
1078 1829 1150 1892 filios
1162 1849 1239 1906 suos,
1253 1827 1297 1911 qui
1307 1845 1362 1890 con·

301 1926 366 1990 sessi
386 1940 451 1990 sunt
464 1947 495 1991 se
513 1941 610 1992 tenere
626 1950 643 1992 a
659 1930 734 1994 dicto
753 1930 830 1993 dom.
851 1936 936 1992 Petro
952 1947 998 1991 res
1011 1939 1040 1990 et
1053 1926 1136 1990 leuda
1151 1927 1180 1989 in
1198 1926 1260 2008 ipso
1272 1927 1362 1989 instru-

302 2037 395 2088 mento
408 2038 550 2089 contenta.

346 2121 411 2203 581.
429 2128 508 2199 ltem,
525 2121 612 2204 quod.
633 2122 711 2204 publ.
729 2122 942 2186 instrumentum
956 2120 1088 2203 scriptum
1102 2137 1186 2182 manu
1202 2115 1321 2181 Gamerii
1334 2114 1363 2178 de

302 2223 454 2301 correyro,
471 2219 523 2281 sub
537 2239 612 2282 anno
627 2219 681 2282 oni
696 2222 931 2296 M⁰ll⁶LXxvll⁰,
948 2217 993 2281 die
1010 2216 1098 2281 sabati
1113 2229 1178 2298 post
1190 2215 1288 2279 lestum
1301 2213 1363 2277 beati

303 2314 491 2378 Bartholomei
512 2316 641 2397 apostoli,
664 2316 808 2379 continens
821 2315 1050 2398 compromissum
1064 2315 1166 2378 factum
1181 2314 1253 2376 inter
1266 2313 1364 2396 sybot-

302 2410 367 2473 dum
382 2409 418 2472 de
437 2416 611 2475 castronovo
625 2425 654 2475 et
669 2412 844 2476 Guillelmum
856 2412 915 2492 ejus
927 2411 1013 2474 filium
1028 2431 1062 2474 ex
1076 2429 1131 2474 una
1144 2425 1224 2492 parte
1238 2424 1266 2474 et
1276 2410 1364 2472 Alber-
1413 2491 1414 2502 ἵ

300 2520 359 2570 tum
375 2506 411 2569 de
426 2509 587 2571 Montelorti
604 2529 639 2571 ex
659 2510 757 2573 altera.
1413 2511 1414 2594 3

347 2603 411 2683 582.
433 2609 513 2681 ltem,
541 2605 628 2687 quod.
655 2606 691 2668 al.
717 2606 794 2689 publ.
817 2606 1019 2691 ¹intrumentum
1043 2604 1176 2687 scriptum
1198 2623 1279 2666 manu
1299 2603 1364 2666 Petri
1413 2615 1414 2658 3

302 2697 430 2780 Ayliendi
444 2701 555 2778 notarii,
575 2701 628 2764 sub
642 2721 716 2764 anno
735 2710 844 2765 lucam.
863 2702 917 2765 oni
928 2705 1124 2777 nuttctxtw,
1142 2701 1188 2766 die
1206 2700 1291 2764 sabati
1309 2713 1364 2762 ante
1413 2737 1414 2756 t

304 2795 522 2875 penthecosten,
539 2799 684 2862 continens
694 2800 768 2881 quod
782 2800 944 2863 Guillelmus
953 2797 1088 2862 Albanelli
1100 2798 1229 2861 vendidit
1240 2797 1363 2882 Syboudo

302 2893 338 2956 de
361 2899 460 2957 Castro
483 2901 580 2972 Novo,
602 2897 647 2960 cui
665 2897 798 2961 successit
823 2898 899 2960 dom.
928 2895 1098 2977 Delphinus,
1125 2913 1209 2957 unam
1238 2896 1364 2979 eyminum

302 3013 390 3056 avene
404 3012 504 3058 census
518 3015 601 3084 quam
623 2997 727 3062 faciunt
747 2997 940 3060 tenementarii
954 2996 983 3059 in
998 2997 1059 3078 ipso
1072 2995 1163 3058 insert·
1181 2995 1313 3059 contenti.

347 3091 411 3173 583.
448 3100 531 3170 ltem,
562 3094 648 3176 quod.
676 3095 754 3175 publ.
786 3095 998 3157 instrumentum
1029 3093 1161 3175 scriptum
1188 3113 1271 3156 manu
1300 3088 1366 3153 Petn'

303 3187 422 3267 Aliendi,
441 3190 494 3252 sub
506 3209 578 3253 anno
591 3192 729 3273 predicto,
743 3191 889 3258 continens
902 3192 977 3273 quod
994 3198 1094 3254 Petrus
1108 3190 1221 3273 coyreti
1235 3190 1271 3252 de
1284 3196 1367 3252 Bucu-

302 3285 381 3350 rione
401 3288 527 3351 vendidit
546 3289 680 3373 Syboudo
697 3289 732 3353 de
747 3296 922 3352 castronovo
940 3309 1009 3351 tutor
1030 3289 1134 3352 solidos
1145 3307 1245 3352 census
1260 3289 1296 3350 de
1313 3287 1366 3368 pla-

303 3385 369 3463 cito,
388 3405 458 3469 quos
473 3387 577 3450 faciunt
591 3387 735 3450 feudatarii
751 3387 873 3449 contenti
886 3386 914 3448 in
931 3386 1005 3449 dicto
1021 3386 1121 3449 instrl‘.

347 3483 411 3564 584.
429 3491 509 3560 Item,
526 3484 611 3565 quod.
626 3485 703 3566 publ.
720 3485 931 3547 instrumentum
949 3483 993 3567 (ut
1014 3480 1094 3566 573),
1117 3481 1262 3546 continens
1277 3481 1367 3544 homa-

303 3579 378 3660 giom
390 3579 484 3664 ligium
499 3582 643 3663 prestitum
657 3581 736 3644 dom⁰
749 3581 880 3663 dalphino
900 3559 950 3664 per
971 3588 1173 3664 laquemonum
1187 3580 1223 3644 de
1238 3580 1332 3644 villeta
1344 3589 1367 3640 et

302 3677 503 3740 terminum...¹
1280 3740 1282 3743 ,

347 3775 411 3856 585.
438 3782 524 3851 ltem,
545 3776 629 3858 qued.
655 3776 746 3840 littera
772 3776 882 3840 duobus
911 3777 1006 3859 sigillis
1031 3775 1149 3860 sigillata
1171 3775 1200 3838 in
1225 3775 1365 3858 pendenti,

304 3870 406 3951 scripta
426 3870 479 3934 sub
496 3891 569 3935 anno
590 3873 643 3934 Diri
668 3875 903 3948 M⁰ll⁶ltC⁰Vlll⁰,
927 3887 1087 3938 11110nonas
1107 3873 1214 3950 marcii,
1232 3871 1368 3936 continens

303 3967 533 4047 permutationem
556 3970 658 4033 factam
677 3989 728 4050 per
748 3969 825 4034 dom.
848 3971 1009 4053 episcopum
1030 3970 1244 4053 Grationopolit.
1266 3980 1295 4033 et
1316 3966 1368 4046 ejus

344 4192 364 4230 t.
380 4173 419 4231 lin
433 4191 466 4234 m.
484 4175 537 4233 Pro
547 4173 673 4250 recognit.
689 4174 818 4232 Alavardi.
