2936 4898
185 598 251 642 tot.
275 588 354 658 ltenr,
372 582 459 662 quod.
483 584 557 647 aliud
581 585 699 647 vidimus
717 605 734 647 a
753 585 828 648 dicta
850 587 927 648 curia
946 601 1114 662 emanatum,
1130 586 1213 650 videl.

141 673 215 737 dicte
226 677 303 739 curie
318 679 481 742 cenescallie
500 680 658 756 bellicadri,
680 681 811 763 scriptum
833 700 915 745 manu
935 681 1060 747 lietberti
1082 679 1216 765 lysselini

140 785 169 832 et
198 773 369 854 subcriptum
400 795 484 838 manu
509 779 669 859 Berengarii
697 779 809 860 Rogerii
836 778 953 857 notarii,
982 778 1033 859 sub
1062 797 1136 841 anno
1163 775 1217 838 Dlli

142 875 380 948 precemur,
391 873 536 936 continens
549 874 636 955 quod.
648 874 789 955 publicum
806 874 1016 938 instrumentum
1035 872 1217 936 confessionis

112 1029 114 1034 ,
141 962 213 1025 domi
227 965 361 1028 lobannis
377 967 413 1029 de
427 968 581 1046 cabilione,
599 970 645 1052 qui
665 971 808 1032 confessus
831 970 881 1032 luit
904 989 935 1032 se
949 969 1079 1032 babuisse
1098 983 1127 1031 et
1138 987 1219 1031 reee-

141 1061 214 1141 pisse
228 1061 265 1124 ab
279 1063 316 1123 illi
329 1065 392 1126 viro
413 1065 489 1128 dom.
508 1067 663 1130 Humberto
678 1067 810 1149 dalphino
824 1067 986 1141 Viennensi,
1009 1066 1121 1128 nomine
1142 1065 1218 1126 dom*

143 1159 276 1222 Beatricis
284 1159 341 1222 filie
350 1162 467 1241 predicti
482 1163 558 1225 dom.
574 1163 697 1244 dalphini
709 1163 859 1244 uxorisque
874 1163 950 1225 dom.
971 1162 1096 1244 lingonis
1107 1160 1217 1238 liliisui,

140 1254 224 1318 videl.
237 1255 273 1318 de
286 1257 384 1337 majori
394 1279 500 1322 summa
511 1260 584 1323 dotis
591 1261 689 1342 ipsius,
700 1263 747 1324 Vm
758 1278 907 1342 parvorum
918 1267 1060 1323 Turonen.
1071 1279 1122 1341 pro
1131 1259 1218 1339 prima

141 1353 284 1416 solucione
303 1355 379 1418 dotis
395 1357 481 1438 ipsius
502 1357 578 1420 donte
595 1358 740 1436 Beatricis,
765 1357 910 1422 continens
930 1358 1012 1422 etiam
1033 1357 1218 1440 quitacionem

141 1447 276 1515 dictarum
299 1454 347 1513 V¹¹¹
362 1452 503 1516 librarum.
706 1532 710 1540 Ι

183 1565 249 1608 102.
267 1555 349 1623 ltem,
364 1550 449 1631 quod.
462 1549 602 1631 publicum
617 1549 828 1614 instrumentum
842 1550 973 1632 scriptum
987 1568 1071 1613 manu
1085 1548 1217 1612 Peroneti

142 1641 175 1704 de
191 1651 290 1706 Monte
311 1645 346 1707 de
364 1653 514 1730 Sarsonay,
529 1648 583 1710 sub
598 1667 672 1710 anno
695 1647 749 1708 Diri
767 1653 982 1725 m⁰ccc⁰vtll0,
997 1646 1077 1710 indit.
1092 1665 1156 1723 vna,
1177 1655 1219 1708 ιιιθ

141 1737 252 1802 kalend.
264 1740 407 1818 februarii,
423 1743 568 1806 continens
581 1743 687 1824 (quod)
701 1743 813 1806 illustris
833 1743 876 1805 vir
891 1743 1016 1806 Frelinus
1030 1742 1065 1804 de
1086 1742 1214 1820 saluciis,

142 1832 211 1897 lilius
221 1836 295 1898 dom*
310 1838 427 1900 Mairedi
436 1839 603 1902 marchionis
611 1840 793 1916 Saluciarutn,
805 1854 834 1902 et
847 1840 996 1920 Margarita
1006 1839 1064 1919 ejus
1072 1858 1142 1900 uxor
1154 1857 1220 1901 con·

142 1932 204 1995 lessi
223 1933 337 1997 luerunt
359 1955 389 1998 se
405 1937 535 2000 habuisse
554 1938 705 2017 plenariam
727 1938 941 2002 satisfactionem
967 1937 1003 2000 ab
1024 1935 1121 1998 illustri
1140 1935 1218 1998 doma

145 2031 299 2116 B(eatrice)
309 2035 421 2097 domina
436 2037 596 2118 Fucigniaci
615 2050 644 2098 et
667 2035 745 2097 dom⁰
763 2043 882 2116 Hugone
905 2033 1032 2115 Delphini
1048 2033 1083 2095 de
1096 2036 1172 2108 illim
1189 2031 1220 2093 li-

144 2125 252 2191 brarum
278 2151 429 2211 parvorum
462 2133 631 2208 astensium,
658 2152 710 2214 pro
724 2131 790 2194 dote
806 2131 879 2193 dicte
894 2131 970 2192 dom.
1000 2130 1160 2210 margarite,
1191 2143 1218 2192 et

148 2226 331 2305 quitacionem
346 2228 419 2291 dotis
434 2248 517 2310 supra
534 2229 607 2292 dicte
623 2249 632 2307 ;
647 2228 722 2310 quod
746 2227 858 2310 quidem
877 2227 1088 2289 instrumentum
1111 2225 1216 2307 sigilla-

88 2377 96 2390 .
146 2333 200 2385 tum
218 2337 262 2386 est
273 2324 362 2387 tribus
376 2325 471 2407 sigillis
484 2326 513 2387 in
526 2325 680 2407 pendenti.'

187 2439 219 2483 ro
224 2439 250 2499 3.
272 2429 352 2498 ltem,
362 2421 502 2503 quoddam
516 2422 635 2484 vidimus
649 2420 794 2484 continens
807 2433 932 2482 tenorem
948 2418 1098 2500 supradicti
1113 2419 1219 2483 instru-

145 2518 239 2580 menti.

186 2632 250 2693 104.
272 2621 352 2690 ltem,
378 2614 464 2696 quod.
489 2613 564 2676 aliud
587 2614 727 2695 publicum
743 2614 954 2676 instrumentum
982 2612 1113 2693 scriptum
1133 2631 1218 2674 manu

145 2712 237 2773 iacobi
251 2712 288 2773 de
303 2719 442 2794 Vergeyo,
455 2712 564 2773 Eduen.
579 2712 709 2787 diocesis,
724 2725 752 2774 et
765 2710 936 2790 subcriptum
947 2723 975 2772 et
984 2710 1121 2790 signatum
1134 2729 1218 2771 manu

145 2808 290 2870 llumberti
306 2808 389 2870 Pilati
408 2809 577 2870 notariorum
591 2807 709 2889 public„
724 2808 776 2870 sub
794 2826 867 2869 anno
890 2807 944 2869 Diti
965 2813 1217 2880 M⁰CCC⁰XXVll⁰,

144 2904 238 2968 indict.
257 2918 310 2982 xe,
333 2893 460 2967 dietima
483 2905 586 2968 mensis
602 2904 768 2979 decembris,
785 2903 931 2968 continens
954 2903 1029 2984 quod
1052 2900 1163 2963 illustris
1178 2900 1220 2962 vir

144 3002 219 3064 dom.
234 3002 297 3065 Odo
311 3002 368 3064 dux
381 3003 540 3084 Burgondie
553 3001 736 3084 promictebat
745 3001 812 3064 dare
826 3015 854 3064 et
864 2999 973 3062 solvere
987 2997 1086 3060 illustri
1101 2996 1219 3077 principi

144 3100 218 3161 dom.
235 3099 357 3179 Guigoni
383 3098 527 3180 dalphino,
547 3118 598 3180 pro
615 3098 743 3180 dampnis
768 3098 819 3160 sibi
843 3111 872 3160 et
889 3093 1145 3177 predecessoribus
1164 3093 1220 3154 suis

143 3196 213 3258 datis
225 3216 277 3277 per
289 3195 409 3258 nobilem
424 3212 451 3258 et
462 3210 602 3278 potentem
617 3195 706 3257 virum
722 3195 798 3256 dom.
826 3194 978 3257 Robertum
997 3192 1033 3252 de
1060 3187 1220 3268 Burgondia

144 3292 201 3370 ejus
210 3293 325 3354 fratrem
338 3293 366 3354 in
395 3292 560 3380 adiutorium
580 3293 710 3356 comitum
735 3291 884 3366 Sabaudie,
909 3287 993 3350 videl.
1008 3287 1036 3348 in
1063 3282 1220 3347 obcidendo

145 3403 263 3452 castrum
275 3390 310 3452 de
318 3398 410 3473 varey
419 3403 447 3452 et
456 3390 484 3452 in
494 3391 652 3453 obcidendo
665 3404 786 3453 castrum
799 3388 891 3452 Sancti
908 3384 1038 3448 Germani
1047 3397 1075 3446 et
1084 3382 1220 3464 capiendo

146 3489 263 3551 eundem
281 3488 418 3550 violenter
428 3503 455 3550 et
469 3507 552 3550 manu
562 3502 677 3564 armata,
689 3500 803 3569 propter
817 3505 871 3568 que
883 3484 973 3546 dictus
988 3481 1066 3542 doro.
1082 3479 1221 3543 Robertus

146 3600 240 3668 captus
256 3584 433 3647 detinebatur
448 3586 476 3647 in
499 3585 675 3667 Dalphinatu,
699 3598 727 3646 et
746 3583 782 3645 ad
805 3580 1011 3645 restitucionem
1037 3578 1221 3658 dampnomm

147 3684 262 3762 predict.
281 3682 354 3744 idem
368 3683 444 3745 dom.
461 3683 518 3744 dux
531 3697 562 3745 ut
576 3701 658 3762 supra
677 3679 803 3762 promisit
827 3679 935 3741 solvere
962 3676 1037 3738 dicto
1056 3674 1131 3757 dom'⁸
1158 3673 1222 3734 dal-

148 3781 229 3860 phino
249 3782 295 3841 Lm
321 3782 488 3842 florenorum
515 3779 574 3842 auri
598 3779 633 3840 de
652 3778 790 3840 Florentia
811 3773 1000 3839 solucionibus
1025 3770 1219 3851 infrascriptis,

149 3878 229 3939 videl.
241 3880 341 3956 xllvffl
356 3879 454 3940 floren.
471 3878 535 3940 hinc
549 3878 584 3939 ad
594 3877 694 3939 festum
704 3875 779 3938 beati
792 3874 925 3938 iohannis
938 3890 1033 3935 mense
1045 3870 1111 3950 junii
1126 3869 1223 3950 proxi-

151 3976 184 4037 mi
199 3989 227 4039 et
243 3974 344 4037 deinde
360 3976 395 4038 ad
427 3976 500 4038 aliud
521 3975 620 4037 festum
636 3973 710 4036 beati
727 3972 860 4034 iohannis
877 3990 996 4054 sequens
1010 3970 1086 4030 Xllm
1101 3980 1129 4029 et
1143 3967 1223 4046 quin-

152 4088 247 4152 gentos
261 4075 359 4136 iloren.
375 4087 402 4136 et
417 4073 445 4134 in
460 4073 531 4136 festo
545 4071 587 4154 (i)
598 4073 675 4132 llllm
691 4082 718 4132 et
732 4068 876 4152 quingent.
895 4070 956 4132 ilor.
974 4065 1046 4128 auri.

193 4189 254 4249 ¹05·
271 4177 349 4246 Item,
371 4169 456 4250 quod.
481 4171 691 4232 instrumentum
712 4165 859 4247 sigillatum
882 4165 1026 4228 continens
1049 4172 1220 4222 contractum
