2844 4900
736 433 773 446 -
798 417 855 482 ttt
874 435 914 449 ··

282 530 318 594 de
333 521 562 600 suisnanocarit
577 534 656 617 publ.
667 535 720 598 sub
730 552 804 598 anno
822 535 876 598 uti
893 541 1125 612 metimini,
1141 533 1226 600 indic.
1238 547 1279 611 ιν,
1296 543 1337 596 nr

278 627 342 693 idus
357 629 498 709 febroarii,
511 632 657 700 continens
671 634 747 716 quod
756 633 919 716 Rodulphus
935 633 1064 699 dominus
1076 633 1288 708 intermontium,
1298 651 1339 713 pro

280 743 311 787 se
324 738 352 790 et
367 726 516 792 heredibus
531 729 599 805 suis,
614 731 818 813 imperpetuum
832 731 988 813 albergavit
1012 745 1041 794 et
1059 730 1173 794 nomine
1200 743 1340 793 contractus

277 823 449 904 emphiteuci
476 825 589 894 tradidit
615 841 642 891 et
660 828 800 896 concessit
826 828 945 892 iohanni
972 828 1008 892 de
1036 834 1193 912 Cossoney,
1215 827 1341 909 recipienti

279 921 392 986 nomine
408 942 459 986 suo
476 936 504 988 et
518 923 640 1004 Artaude
661 926 757 990 uxoris
769 945 831 1002 suc,
854 926 943 1009 quod.
961 925 1152 990 molendinum
1174 945 1235 990 cum
1248 943 1342 1007 appen-

280 1017 353 1085 ditiis
362 1019 504 1100 etjuribus
513 1021 549 1086 ad
563 1022 653 1104 ipsum
664 1023 865 1105 pertinentibus
879 1037 981 1090 etcum
995 1037 1156 1090 tenemento
1166 1023 1340 1104 sitodesuper,

279 1114 364 1186 videl.
382 1130 467 1194 terre,
482 1118 563 1182 vinee
584 1133 613 1184 et
634 1122 780 1198 castaneti,
806 1121 882 1204 quod
903 1134 1093 1189 tenementum
1116 1120 1230 1186 tenebat
1247 1141 1263 1182 a
1279 1120 1341 1182 dicto

281 1212 430 1295 Rodulpho
448 1215 614 1282 Lambettns
632 1217 651 1279 li
670 1217 849 1301 canayllons,
879 1217 955 1300 quod
983 1218 1171 1282 molendinum
1187 1219 1258 1298 jacet
1280 1215 1341 1297 apud

280 1311 428 1377 buxeriam
439 1333 448 1391 ;
460 1333 512 1394 pro
525 1317 686 1378 tenemento
696 1315 822 1396 predicto
833 1315 918 1378 debet
932 1307 1000 1378 dic't.
1014 1315 1179 1380 Lambertus
1193 1333 1201 1376 t
1214 1314 1341 1380 sestarium

280 1427 370 1471 avene
381 1424 409 1473 et
421 1430 429 1473 1
443 1413 611 1480 semermi
625 1427 654 1476 et
671 1427 790 1478 rsestar.
804 1427 997 1478 castanearum
1009 1413 1151 1480 annuatim
1161 1414 1197 1478 de
1212 1411 1342 1478 servitioet

279 1523 298 1568 ν
312 1506 394 1578 solid.
410 1508 447 1572 de
461 1510 573 1592 placito.

318 1605 388 1669 880.
404 1614 483 1683 item,
500 1608 586 1690 quod.
604 1608 642 1672 al.
658 1609 871 1672 instmmentum
885 1607 1018 1689 scriptum
1029 1626 1114 1674 manu
1131 1607 1264 1675 Lantelmi
1277 1612 1342 1668 Gue-

276 1701 338 1766 nisii
352 1703 451 1770 notarii
467 1704 544 1785 publ.
560 1704 613 1768 sub
629 1725 704 1771 anno
719 1705 774 1769 Diri
793 1711 1009 1782 M⁰CCC⁰xlll⁰‚
1020 1704 1119 1768 indict.
1131 1717 1183 1783 uu,
1201 1723 1229 1768 vt
1240 1701 1340 1766 kalend.

277 1800 354 1880 iunii,
369 1802 515 1864 continens
528 1802 604 1883 quod
624 1802 660 1864 ad
680 1802 844 1866 instanciam
869 1801 970 1864 nobilis
989 1802 1042 1865 viri
1067 1802 1207 1884 Rodulpbi
1221 1800 1255 1864 de
1271 1808 1343 1862 inter·

277 1897 418 1966 montibus
433 1911 462 1961 et
480 1916 593 1962 suorum
610 1899 755 1975 heredum,
783 1906 883 1964 Petrus
901 1896 1005 1962 Rasfini
1019 1912 1048 1962 et
1062 1898 1203 1962 lohamtes
1216 1911 1244 1960 et
1258 1904 1343 1960 Petrus

278 1993 425 2077 Freyneati
440 1994 539 2056 fratres
558 2006 586 2056 et
600 1994 694 2076 plures
706 1995 752 2056 alii
764 1995 793 2056 in
806 1995 881 2058 dicto
897 1995 988 2057 instr¹⁰
1009 1995 1144 2058 nominati
1156 1994 1273 2058 confessi
1291 2005 1343 2056 sunt

276 2103 305 2154 et
318 2105 544 2172 recognoverunt
555 2111 585 2156 se
598 2105 695 2155 tenere
713 2106 742 2155 et
766 2105 862 2156 tenere
882 2091 954 2156 velle
970 2105 999 2156 et
1012 2092 1117 2158 debere
1137 2092 1245 2156 edicto
1268 2089 1340 2153 nobili

277 2187 425 2270 liudulpho
454 2189 490 2252 de
509 2190 725 2254 intermontibus
748 2209 804 2268 res,
830 2190 1021 2272 possessiones
1038 2204 1075 2278 ¹et
1096 2190 1215 2254 servicia
1233 2189 1262 2252 in
1279 2188 1341 2250 dicto

275 2284 365 2351 instro
375 2299 532 2362 contentas,
546 2288 613 2351 sitas
634 2289 663 2350 in
683 2289 830 2370 parrochia
844 2289 938 2352 Sancti
963 2290 1039 2352 Petri
1061 2289 1097 2352 de
1113 2290 1273 2354 Alavardo:
1298 2305 1342 2370 que

276 2383 368 2446 omnia
386 2385 470 2449 hodie
479 2386 620 2468 pertinent
631 2386 667 2450 ad
681 2387 826 2449 ‘dominum
839 2401 976 2450 nostrum.

316 2481 385 2544 881.
402 2489 481 2558 item,
496 2483 583 2564 quod.
593 2483 672 2564 publ.
683 2483 895 2552 instrumentum
908 2485 1041 2566 scriptum
1052 2505 1137 2550 manu
1152 2484 1248 2549 iacobi
1260 2481 1342 2548 Paneti

276 2579 376 2642 notarii
386 2580 464 2661 publ.
476 2581 528 2644 sub
539 2599 613 2644 anno
629 2582 683 2643 uni
697 2582 918 2665 M0CC(1.⁰)V1⁰‚
931 2598 995 2645 rura
1010 2583 1124 2647 kalend.
1137 2583 1271 2659 octobris,
1286 2599 1342 2644 con·

274 2677 365 2742 timens
382 2676 486 2758 quand.
509 2679 734 2760 recognicionem
749 2681 850 2742 iactam
876 2679 1024 2762 Rodulpho
1038 2681 1074 2744 de
1090 2681 1301 2748 intermontibus
1313 2677 1342 2740 de

273 2773 439 2858 quibusdam
449 2774 608 2838 hominibus
620 2788 648 2838 et
662 2776 746 2838 rebus
765 2777 793 2838 in
814 2776 889 2839 dicto
905 2777 995 2840 instr²⁰
1008 2778 1146 2842 contentis
1161 2792 1190 2841 et
1205 2774 1342 2859 designatis

274 2891 325 2954 per
340 2871 503 2936 Michaelem
527 2872 563 2936 de
580 2873 706 2936 Ferretia
730 2887 758 2936 et
781 2874 954 2938 vincentium
980 2877 1015 2938 de
1035 2876 1186 2954 hienardo,
1211 2872 1342 2957 inquibus

273 2970 357 3035 rebus
371 2984 400 3035 et
413 2970 503 3036 feudis
517 2970 553 3034 de
563 2973 686 3054 presenti
695 2973 771 3036 dom.
788 2986 884 3036 noster
898 2974 1046 3056 dalphinus
1055 2975 1191 3039 succedit.

313 3068 383 3132 882.
410 3075 490 3144 item,
509 3069 596 3151 quod.
611 3071 648 3132 al.
664 3070 875 3134 instrumentum
893 3071 971 3155 publ.
997 3072 1131 3154 scriptum
1155 3093 1246 3156 manu·
1257 3067 1341 3136 iacobi

273 3166 373 3230 Panoti
395 3166 495 3230 notarii
508 3166 587 3248 publ.
610 3167 662 3231 sub
692 3187 766 3232 anno
796 3170 851 3233 Diri
867 3176 1058 3247 M0CC⁰LVl⁰,
1075 3170 1171 3234 indict.
1185 3185 1268 3250 x1111³,
1283 3175 1338 3234 vrri

271 3266 385 3330 kalend.
401 3265 537 3343 octobris,
551 3267 697 3329 continens
711 3267 936 3348 recognicionem
953 3267 1054 3330 factam
1080 3267 1194 3332 domino
1212 3269 1247 3332 de
1260 3277 1340 3334 inter-

274 3362 415 3425 montibus
428 3382 479 3443 per
494 3364 687 3446 Raymondam
711 3363 747 3426 de
769 3370 864 3426 Monte
881 3355 1008 3428 Eurardo
1023 3379 1052 3428 et
1074 3366 1228 3430 iohannem
1253 3366 1341 3430 Perchi

273 3459 310 3522 de
322 3459 461 3523 stavardo
477 3461 513 3522 de
523 3461 574 3524 hiis
585 3481 639 3543 que
653 3461 768 3524 tenebat
779 3461 814 3524 ab
829 3461 889 3543 ipso
901 3463 1051 3545 Rodulpho
1065 3463 1101 3526 de
1116 3465 1337 3528 intermontibus:

226 3617 229 3626 ,
273 3575 328 3637 que
343 3557 435 3619 omnia
449 3559 588 3638 pertinent
600 3560 635 3621 ad
645 3559 722 3622 dom.
738 3573 862 3622 nostrum
885 3560 1057 3642 dalphinum.

175 3735 177 3743 J
313 3653 382 3734 883.
416 3661 495 3732 item,
515 3657 601 3738 quod.
619 3657 655 3720 al.
673 3658 749 3738 publ.
771 3658 982 3726 instrumentum
1000 3660 1134 3742 scriptum
1149 3681 1232 3724 manu
1260 3667 1341 3742 Hum-

273 3751 345 3816 berti
371 3752 406 3816 de
420 3760 517 3816 Mauso
531 3754 631 3817 notarii
644 3754 722 3835 publ.
741 3754 793 3817 sub
811 3775 886 3820 anno
903 3756 957 3820 om
983 3765 1248 3836 tt⁰ccc⁰xxtt1x⁰,
1264 3755 1339 3820 indic.

274 3867 325 3924 vu,
344 3848 388 3912 die
403 3849 498 3913 ultima
519 3853 621 3915 mensis
637 3852 731 3930 madii,
750 3853 907 3917 continens'
919 3856 1145 3937 recognicionem
1160 3855 1340 3937 homagiorum

273 3947 407 4014 nobilium
417 3947 584 4032 infrascript.
608 3951 797 4014 mandamenti
813 3953 956 4016 hvinionis
971 3954 1000 4018 in
1019 3954 1131 4034 triviis,
1159 3956 1206 4037 qui
1234 3949 1341 4018 confessi

274 4044 386 4108 luerunt
396 4065 457 4110 esse
466 4045 592 4111 homines
605 4049 662 4132 ligii
679 4049 753 4116 dom¹
767 4049 854 4114 nostri
868 4049 1002 4132 delphini,
1026 4051 1111 4115 videl.
1128 4059 1228 4124 Petrus
1243 4045 1341 4112 itineris

274 4142 387 4208 nomine
397 4162 448 4208 sno
461 4156 489 4208 et
501 4144 634 4216 iohannis
645 4146 738 4212 fratris
754 4146 808 4224 sui,
818 4160 873 4212 etc.
