2842 4900
532 482 572 494 ..
594 464 648 526 243
672 481 711 494 .-

6 603 7 654 3
94 582 127 636 Η.
143 575 245 640 edicto
258 577 287 640 d.
306 577 402 658 dalph.
415 591 507 641 castra
520 577 693 660 infrascripta
704 597 759 660 que
773 578 887 644 tenebat
901 579 929 642 in
943 599 1043 662 purmn
1057 595 1085 646 et
1099 604 1161 648 me-

6 677 8 742 ζ
93 692 146 736 rum
164 675 306 752 allodium,
321 676 406 740 videl.
430 690 551 740 castrum
562 676 598 738 de
614 675 760 754 Chalsaco‚
775 675 927 740 dominium
942 676 1025 740 castri
1051 677 1086 740 de
1102 685 1164 742 Ro·

92 770 167 849 sanis,
179 772 209 834 it.
220 774 358 854 pareriam
368 793 422 856 que
436 775 553 854 subejus
567 773 690 836 dorninio
700 786 743 837 est
755 774 830 856 apud
843 774 953 850 Ribers,
965 774 996 836 it.
1009 774 1161 839 dominium

91 869 157 948 quod
171 869 253 934 habet
266 870 295 932 in
306 884 398 934 castro
412 870 448 933 de
461 871 556 934 Balma
569 872 605 934 de
624 879 747 948 Rusone,
764 871 795 934 it.
818 871 902 934 affare
930 891 980 934 seu
1009 872 1161 936 dominium

91 966 158 1046 quod
173 966 341 1049 habetapud
362 974 494 1030 Sanctum
511 968 670 1032 Andream:
692 988 747 1051 que
762 967 883 1030 dominia
897 981 975 1032 tenet
998 969 1162 1034 Guillelmus

89 1063 214 1144 Augerius
226 1084 279 1146 pro
291 1064 372 1128 dom0
387 1073 506 1148 Hugone
520 1065 549 1129 in
563 1065 688 1142 feudum,
706 1065 830 1147 exceptis
841 1064 894 1128 illis
908 1065 983 1148 quod
999 1078 1077 1130 tenet
1087 1068 1161 1130 idern

91 1159 156 1222 Guil.
172 1161 284 1242 augerii
297 1180 349 1244 pro
371 1162 447 1225 dicto
457 1162 533 1226 dom.
546 1161 680 1244 dalphino
693 1162 728 1225 de
750 1161 917 1244 patrimonio
931 1162 997 1226 dicti
1026 1171 1079 1242 G.;
1096 1165 1162 1228 item

89 1255 200 1320 dominia
212 1271 368 1322 castrorum
382 1259 418 1321 de
432 1259 592 1338 bosedone,
610 1260 645 1322 de
667 1267 819 1324 Marcenno
837 1275 866 1324 et
882 1261 917 1324 de
933 1269 1029 1326 Monte
1045 1263 1160 1345 Regaii;

8 1371 10 1442 j
88 1352 147 1416 item
166 1355 319 1419 dominium
336 1356 412 1439 quod
436 1357 521 1420 habet
541 1357 569 1420 in
587 1370 679 1420 castro
710 1357 745 1420 de
765 1356 931 1434 Arboribus,
947 1361 979 1422 it.
1011 1360 1163 1424 dominium

8 1445 9 1538 f
90 1452 156 1532 quod
168 1453 292 1516 habetin
306 1453 390 1536 quad.
407 1453 517 1536 pareria
533 1453 608 1536 apud
624 1452 772 1532 Babosinz‚
794 1454 826 1517 it.
847 1455 998 1518 dominium
1018 1456 1094 1538 quod
1113 1477 1164 1520 su·-

89 1549 154 1631 cepit
169 1551 247 1614 dom.
263 1551 435 1640 Beruandus
446 1551 483 1613 de
500 1551 654 1614 Toloniano
670 1570 721 1633 pro
734 1551 847 1614 domino
867 1553 970 1616 Montis
979 1553 1090 1631 Albani,
1100 1555 1161 1618 scii.

89 1647 256 1733 medietatem
265 1649 302 1712 de
319 1649 486 1728 Toioniano‚
501 1662 617 1730 excepta
632 1648 797 1712 duodecima
808 1662 887 1730 parte
901 1649 975 1714 dicte
990 1650 1160 1732 medietatis;

8 1799 9 1826 q
88 1744 144 1806 item
154 1745 308 1809 dominium
318 1747 399 1810 castri
411 1747 447 1810 de
456 1746 636 1830 Theycheriis
647 1760 677 1808 et
685 1745 837 1809 dominium
848 1745 975 1809 castride
986 1753 1063 1809 Duro
1072 1747 1160 1824 Forti,

88 1842 114 1904 it.
128 1843 305 1908 medietatem
319 1851 426 1908 dutane
441 1859 468 1908 et
484 1844 596 1907 Bastide
611 1843 647 1906 de
661 1843 805 1919 verduno,
818 1842 849 1908 it.
868 1856 989 1906 castrum
1000 1843 1036 1905 de
1047 1843 1161 1908 Pereria

8 1937 9 1975 t
89 1941 157 2005 Forti
173 1955 202 2005 et
215 1941 283 2004 illud
293 1942 369 2024 quod
383 1942 467 2006 habet
481 1942 509 2005 in
522 1955 614 2005 castro
625 1948 727 2005 Sancte
738 1942 830 2004 Galle:
844 1961 898 2023 que
908 1941 1020 2024 quidem
1032 1955 1123 2006 castra
1135 1955 1164 2006 et

7 2067 8 2118 f
88 2039 199 2103 dominia
211 2041 280 2103 dict.
297 2040 326 2102 d.
345 2047 428 2121 Hugo
442 2039 550 2121 accepit
563 2061 580 2101 a
594 2040 669 2103 dicto
683 2040 713 2105 d.
728 2039 860 2122 delphino
876 2039 928 2102 sub
940 2039 1042 2117 modis,
1064 2039 1163 2102 formis

7 2127 8 2190 ἓ
88 2137 330 2200 etcondicionibus
342 2137 371 2200 in
384 2157 460 2219 pres.
472 2138 562 2200 instra
574 2137 723 2200 contentis.

116 2243 161 2298 Est
182 2243 348 2318 suprascript.
373 2241 454 2299 insum
474 2259 529 2300 cum
550 2243 627 2318 quod.
650 2241 697 2298 alio
715 2237 809 2298 ¹instr¹⁰
839 2250 988 2298 annexatum
1009 2221 1033 2298 in
1049 2241 1163 2316 bayssivia

88 2331 278 2406 Graysivoudani
301 2343 327 2392 et
341 2351 390 2390 non
399 2343 483 2407 potest
497 2332 619 2408 separari,
633 2343 658 2389 et
672 2333 737 2407 ydeo
754 2349 804 2389 non
821 2341 859 2389 est
873 2331 1032 2406 registratum
1047 2331 1070 2388 in
1084 2332 1163 2404 Gray·

6 2423 8 2484 i
88 2418 225 2480 sivoudano.

7 2611 8 2622 ἵ
127 2528 208 2612 1369.
224 2537 304 2606 trem,
320 2530 407 2614 quod.
422 2531 635 2596 instrumentum
650 2531 783 2614 scriptum
805 2552 889 2595 manu
905 2533 1062 2616 Maymonis
1077 2539 1165 2596 Orto-

88 2619 136 2685 lani
147 2626 259 2705 notarii,
273 2628 325 2710 sub
340 2649 413 2692 anno
428 2637 538 2692 incarn.
555 2630 642 2692 Dirice
657 2636 851 2707 M⁰CCC⁰III⁰‚
867 2630 911 2692 die
928 2649 947 2692 v
961 2631 1081 2713 augusti,
1098 2650 1165 2695 con-

8 2777 10 2810 ξ
88 2720 169 2786 tineos
183 2725 400 2789 transactionem
422 2741 450 2790 et
469 2726 634 2790 concordias
643 2728 731 2790 iactas
739 2728 812 2790 inter
822 2727 899 2790 dom.
916 2729 1111 2811 Rayrnundum
1128 2729 1165 2794 de

9 2887 10 2912 3
90 2822 250 2886 Medullione
264 2843 300 2886 ex
314 2838 392 2906 parte
411 2845 466 2888 una
480 2839 508 2888 et
521 2825 630 2888 nobiles
646 2826 722 2888 dom.
744 2825 942 2907 Gualburgiam
966 2841 994 2889 et
1011 2827 1164 2910 Reymbal-

9 2999 10 3002 ,
90 2916 147 2982 dum
159 2921 194 2983 de
207 2922 303 2984 calma
318 2943 352 2986 ex
365 2923 430 2998 alia,
450 2923 479 2986 in
490 2944 544 3005 qua
560 2923 772 3004 pronunciatum
801 2925 958 2988 continetur
972 2925 1048 3007 quod
1072 2939 1163 3000 castra

9 3009 10 3012 ’
90 3014 120 3078 de
130 3025 255 3099 pomero,
273 3021 309 3084 de
326 3021 471 3098 anterio,
485 3021 520 3084 de
535 3021 668 3098 Celeone,
685 3022 721 3084 de
735 3030 841 3100 Ysone,
860 3023 896 3084 de
912 3029 1013 3104 Capra,
1029 3021 1065 3084 de
1078 3029 1163 3084 Mon·
1224 3083 1226 3092 ,

89 3117 241 3200 teaygiuno,
252 3118 448 3202 oeayguianis
462 3132 609 3182 teneantur
624 3120 660 3182 de
678 3119 763 3182 feudo
775 3119 926 3182 inmediato
945 3118 1102 3202 Raymundi
1125 3119 1161 3182 de

8 3267 9 3290 2
91 3215 262 3280 tteduilione.

8 3371 9 3376 ,
100 3313 283 3458 lnsrascm'pta
302 3314 485 3378 instrumenta
506 3314 673 3378 serenissimi
694 3313 827 3397 principis
851 3314 955 3376 domini
975 3313 1062 3375 nostri
1083 3313 1161 3377 dom.

125 3409 239 3492 dalphini
253 3411 429 3488 Viennensis,
445 3432 500 3495 que
516 3432 579 3475 cum
596 3411 721 3494 pluribus
734 3411 793 3474 aliis
809 3411 905 3475 insert*
923 3409 1103 3492 tangentibus
1119 3410 1165 3490 di-

8 3559 9 3572 ι
91 3523 161 3570 versa
173 3508 292 3590 negocia
310 3509 377 3572 dicti
391 3510 464 3572 dom'
483 3511 570 3572 nostri
588 3523 615 3573 et
633 3509 810 3591 antiquitates
833 3508 867 3572 de
885 3509 965 3572 iactis
985 3507 1163 3570 baroniarum

9 3689 10 3694 γ
94 3605 256 3668 Medullionis
276 3620 305 3669 et
325 3606 532 3683 Montisalbani,
549 3607 597 3668 itt·
613 3607 656 3668 uir
670 3607 746 3670 dom.
769 3607 908 3670 Henricus
930 3605 1058 3688 Delphini
1071 3605 1164 3668 inclite

9 3701 10 3778 J
92 3703 291 3781 recordationis,
316 3703 383 3766 dict.
409 3704 587 3767 baroniarum
617 3705 757 3782 dominus,
781 3704 896 3766 tradidit
919 3703 1001 3766 michi
1029 3703 1166 3784 Rotbertq

11 3883 12 3886 Ἴ
94 3801 206 3864 Rotberai
221 3803 258 3863 de
275 3809 355 3863 Burro
370 3802 479 3866 notario
494 3803 688 3878 custodienda,
710 3821 763 3883 ego
780 3802 903 3884 prefatus
923 3803 1074 3867 Rotbertus
1096 3821 1167 3884 pore

11 3905 12 3910 ’
93 3897 141 3958 tavi
154 3899 186 3960 ad
209 3899 352 3962 dominum
368 3913 494 3963 nostrum
510 3900 629 3981 predict.
651 3889 778 3982 pretextu
803 3900 913 3979 cujusd.
931 3898 1166 3982 preconiaationis

11 3989 12 3994 ’
93 3991 157 4055 facte
166 3997 237 4077 apud
254 4003 362 4058 Burrum
380 3997 415 4060 de
432 3997 519 4078 ipsius
533 3998 606 4060 dom'
626 3997 714 4061 nostri
736 3996 879 4073 mandato,
900 3998 975 4079 quod
999 3997 1166 4079 quicumque

93 4091 205 4154 notarius
217 4092 334 4156 haberet
344 4093 437 4175 aliqua
451 4094 633 4158 instrumenta
648 4113 699 4176 pro
715 4094 813 4156 eodem
828 4094 906 4157 dom⁰
921 4107 1017 4156 nostro
1031 4091 1165 4156 iaciencia

95 4185 182 4250 eadem
194 4190 244 4270 ipsi
257 4191 335 4255 dom⁰
349 4205 448 4254 nostro
463 4192 532 4255 inira
548 4207 654 4256 certum
669 4192 817 4255 terminum
840 4191 1006 4273 assignaret,
1024 4188 1109 4252 videl.
1127 4221 1164 4246 ψ
