2936 4898
724 431 881 509 *4⁸-

265 563 378 625 mixtum
392 562 548 643 imperium,
562 580 673 634 census,
694 561 829 638 redditus,
845 560 1045 635 obvenciones‚
1062 573 1162 640 prata,
1183 577 1297 620 nemora
1313 573 1343 620 et

264 659 429 738 generaliter
444 659 536 720 omnia
559 673 586 720 et
600 658 707 738 singula
729 677 783 738 que
804 657 869 720 dicti
890 657 1024 738 conjuges
1050 657 1153 719 habent
1171 675 1220 718 seu
1237 656 1343 718 habere

264 769 380 836 possunt
396 774 569 837 quacumque
584 773 668 818 causa
686 756 714 816 in
729 769 832 831 castro,
848 753 1044 816 mandamento
1068 767 1096 816 et
1116 766 1178 815 toto
1201 751 1343 816 territorio
1456 759 1457 780 ¹

236 879 241 889 ·
266 854 401 916 Ostoduni
415 867 435 928 ¹,
448 854 499 916 sub
509 854 633 934 pluribus
646 851 851 914 conditionibus
863 851 1001 914 contentis
1012 851 1042 912 in
1055 849 1130 913 dicto
1144 849 1341 912 instrumento.

306 969 374 1029 ²33·
395 958 473 1027 item,
492 950 578 1031 qued.
590 949 686 1013 lietera
702 968 888 1030 purgamenea
902 949 1004 1030 scripta
1020 947 1048 1010 in
1062 961 1155 1011 castro
1169 947 1205 1010 de
1221 945 1340 1028 saleph,

266 1049 312 1110 die
328 1048 422 1110 ultima
435 1048 536 1110 mensis
553 1048 646 1128 aprilis
662 1066 735 1110 anno
758 1048 812 1109 Diri
830 1052 1084 1122 M⁰CC¹⁰⁰LX1111⁰‚
1107 1045 1224 1126 sigillata
1246 1043 1344 1124 sigillis

266 1145 343 1208 dom.
359 1146 493 1226 Guigonis
513 1145 635 1226 delphini
654 1145 785 1220 condam,
812 1143 941 1205 Rollandi
962 1143 998 1204 de
1019 1143 1180 1205 Vennenchi
1205 1141 1295 1202 militis
1313 1152 1345 1201 et

265 1244 376 1326 hymari
392 1242 494 1305 domini
505 1242 539 1305 de
551 1242 743 1326 Aunoyniaco‚
756 1242 901 1304 continens
911 1240 985 1322 quod
995 1240 1171 1302 dictusdom.
1190 1238 1343 1302 Rollandus

266 1340 302 1402 de
316 1338 476 1422 Venneychi
490 1339 567 1402 miles
584 1341 677 1420 plures
693 1357 794 1401 census
812 1351 841 1400 et
853 1337 977 1400 redditus
991 1357 1046 1418 que
1066 1337 1178 1400 tenebat
1191 1337 1226 1398 de
1247 1335 1342 1397 alodio

265 1438 294 1498 in
308 1437 452 1518 parrochia
475 1436 510 1500 de
531 1437 647 1519 Roysies
673 1450 700 1497 et
724 1435 751 1496 in
773 1448 864 1497 castro
883 1448 911 1497 et
933 1434 1130 1497 mandamento
1152 1434 1188 1495 de
1210 1432 1340 1508 Malenoi,

267 1531 400 1594 Viennen.
416 1533 555 1614 dyocesis,
581 1532 657 1596 dedit
679 1532 759 1594 dom⁰
783 1532 902 1612 Guigoni
927 1531 1059 1613 delphino
1080 1530 1199 1594 condam
1213 1545 1242 1593 et
1266 1531 1342 1592 idem

267 1629 342 1691 dom.
366 1629 512 1710 dalphinus
535 1629 659 1710 predicta
678 1629 831 1691 infeodavit
855 1628 935 1690 dom⁰
959 1628 1095 1690 Rollando
1119 1628 1155 1690 de
1181 1627 1344 1710 Venneychi

266 1723 401 1806 predicto,
427 1739 455 1787 et
477 1725 550 1788 idem
573 1725 650 1787 dom.
677 1724 828 1787 Rollandus
855 1726 1013 1806 homagium
1037 1738 1065 1787 et
1087 1723 1247 1790 fidelitatem
1276 1724 1345 1786 lecit

266 1820 341 1884 dicto
354 1821 430 1884 dom.
446 1821 589 1904 delphino,
605 1822 681 1884 salva
693 1821 825 1884 fidelitate
839 1821 947 1885 comitis
961 1822 1067 1885 Foresii
1078 1835 1100 1884 ².
1282 1817 1285 1824 ’

308 1937 375 1998 234·
404 1927 483 1994 item,
507 1918 591 2000 qued.
626 1919 716 1996 littere
754 1918 855 1999 scripte
887 1938 961 1981 anno
987 1920 1041 1982 Diri
1070 1919 1342 1994 moccnxxxnro,

267 2015 405 2092 dominica
427 2030 491 2097 post
514 2015 766 2078 Annunciacionem
793 2014 883 2079 beatae
908 2016 1021 2098 virginis
1050 2017 1148 2094 Marie,
1176 2016 1292 2098 sigillare
1314 2017 1343 2077 in

265 2114 397 2196 pendenti
411 2114 533 2197 quinque
547 2114 652 2196 sigillis,
668 2115 843 2177 continentes
859 2116 933 2196 quod
949 2117 1101 2198 Cyboudus
1114 2115 1150 2176 de
1167 2113 1344 2177 Bellovidere

267 2212 302 2274 de
318 2219 413 2274 Marco
435 2212 512 2274 dedit
530 2226 650 2274 castrum
667 2213 702 2273 de
718 2212 795 2274 Bello
817 2212 918 2275 Videre
938 2227 966 2276 et
989 2213 1147 2276 mistraliam
1171 2212 1288 2289 vienne,
1315 2225 1345 2274 et

266 2309 331 2370 illud
359 2309 435 2389 quod
458 2309 586 2390 capiebat
607 2310 635 2370 in
666 2309 785 2390 pedagio
825 2311 916 2372 Sancti
946 2310 1091 2372 sinfuriani
1113 2323 1140 2371 et
1165 2308 1343 2370 medietatem

267 2405 349 2466 castri
362 2405 397 2466 de
419 2405 517 2468 Pineto
531 2405 677 2470 Guillelmo
693 2406 751 2484 ejus
765 2404 833 2467 lilio.

306 2502 573 2582 235.1tem‚quod.
594 2502 805 2565 instrumentum
826 2503 959 2583 scriptum
982 2523 1065 2565 manu
1089 2503 1173 2585 Guig.
1200 2503 1344 2584 Frumenti

267 2610 326 2658 not.
351 2595 432 2676 pub„
460 2597 513 2659 sub
539 2613 613 2660 anno
638 2598 691 2659 Diri
720 2604 1007 2676 moccc0xxx11110,
1037 2599 1123 2662 indic.
1153 2612 1198 2677 11²,
1226 2600 1271 2662 die
1300 2615 1344 2660 rut

268 2691 370 2754 mensis
380 2693 507 2772 januarii,
518 2694 664 2756 continens
676 2695 833 2776 homagium
847 2696 940 2778 ligium
951 2698 1095 2779 prestitum
1103 2717 1154 2779 per
1169 2698 1344 2760 Lantelmum

269 2788 406 2852 Chabrete
421 2789 456 2851 de
470 2790 594 2853 Cabeolo
606 2805 633 2853 et
647 2792 794 2854 terminum
810 2794 1010 2876 assignacionis
1031 2795 1065 2857 ad
1085 2795 1343 2876 recognoscendum

267 2890 338 2952 inira
354 2902 460 2952 certum
473 2901 583 2969 tempus
598 2888 644 2951 diu
659 2903 702 2952 est
715 2890 833 2971 lapsum.

308 2987 376 3064 236.
393 2993 472 3062 Item,
487 2986 561 3048 aliud
571 2987 780 3051 instrumentum
796 2988 930 3071 (ut235)‚
945 2991 1090 3053 continens
1104 2990 1178 3072 quod
1189 2990 1345 3052 Guionetus

268 3084 424 3167 hniffosseti
438 3103 489 3165 pro
514 3104 544 3146 se
570 3098 598 3147 et
621 3086 769 3148 heredibus
790 3087 847 3148 suis
864 3087 982 3167 prestitit
1005 3087 1162 3168 homagium
1186 3087 1287 3168 ligium'
1307 3089 1344 3150 de

149 3243 153 3254 ,
267 3200 388 3261 persona
399 3181 546 3263 magnifico
560 3183 677 3265 principi
692 3183 767 3246 dom.
789 3184 942 3247 Humberto
956 3185 1086 3266 delphino
1102 3184 1263 3260 Viennensi,
1280 3205 1343 3248 cum

267 3277 437 3356 prestatione
450 3278 595 3358 juramenti
613 3279 708 3341 debiti.

309 3391 377 3452 237.
396 3381 474 3450 item,
489 3375 575 3455 quod.
590 3376 626 3437 al.
643 3376 854 3438 instrumentum
867 3376 910 3457 (ut
925 3378 1009 3460 235),
1025 3378 1169 3440 continens
1183 3378 1343 3462 homagium

267 3469 382 3531 Gratoni
409 3470 518 3532 Cicardi
544 3470 579 3532 de
600 3472 707 3534 Albone
730 3492 780 3552 per
804 3491 866 3535 eum
891 3474 1034 3554 prestitum
1058 3473 1137 3536 dom⁰
1160 3474 1293 3556 delphino
1316 3491 1343 3540 et

268 3565 415 3626 terminum
430 3567 628 3646 assignacionis
642 3567 677 3629 ad
691 3569 947 3649 recognoscendum
964 3570 1011 3632 diu
1027 3584 1068 3633 est
1082 3571 1200 3652 lapsum.
1308 3570 1310 3587 ¹

312 3662 377 3739 238.
395 3667 474 3738 Item,
495 3663 581 3744 quod.
606 3663 816 3727 instrumentum
841 3666 883 3746 (ut
905 3667 986 3747 235),
1014 3666 1159 3730 continens
1182 3669 1342 3750 homagium

269 3756 361 3836 ligium
376 3760 520 3839 prestitum
540 3760 731 3840 pernobilem
756 3768 869 3824 Petrum
896 3764 1018 3825 Durandi
1043 3763 1079 3825 de
1102 3765 1225 3827 Cabeolo
1246 3780 1274 3828 et
1290 3781 1344 3830 ter·

270 3854 373 3916 minum
387 3856 585 3936 assignacionis
599 3858 634 3920 ad
650 3860 917 3938 recognoscendum.

310 3968 377 4032 ²39·
396 3960 475 4028 rtem,
489 3954 574 4034 quod.
592 3955 629 4017 al.
649 3956 858 4018 instrumentum
881 3958 1012 4037 scriptum
1038 3977 1120 4020 manu
1148 3960 1281 4022 iohannis
1309 3961 1344 4022 de

310 4171 331 4208 r.
344 4157 365 4207 A
381 4155 487 4210 Hosted.
501 4181 534 4194 -
546 4170 571 4209 2.
584 4156 621 4210 En
634 4175 666 4212 nr.
677 4159 698 4210 A
711 4158 781 4212 Ultra
797 4158 938 4215 Rodanum.
