2936 4898
595 465 754 526 -,9-

176 576 227 656 85.
248 583 326 655 ltem,
334 577 419 657 qued.
432 575 756 658 lmerambussigillisin
763 575 895 657 pendenti
902 575 1211 657 sigillata,videl.ducis

139 674 307 754 Burgundio,
316 673 424 737 comitis
437 673 575 736 sabaudie
585 674 702 738 etdom⁰
719 672 882 756 B<eatricis)
894 674 1026 755 delphine
1036 674 1210 753 Viennensis,

138 771 238 851 scripta
253 772 307 834 sub
319 791 394 834 anno
410 773 465 834 Diri
480 776 730 847 n⁰cc⁰uxx⁰v1⁰,
755 771 801 834 die
828 773 892 834 lune
914 772 943 836 in
965 771 1114 834 crastinum
1138 772 1212 836 beati

138 869 276 946 Anthonii,
292 870 439 934 continens
451 869 659 933 ordinacionem
674 861 815 951 regiminis
829 883 857 932 et
877 869 1127 934 administracionis
1144 872 1213 934 Dal-

137 963 372 1043 phinatuslactam
384 967 456 1030 inter
467 979 608 1046 potentem
622 965 713 1028 virum
722 965 799 1030 dom.
815 966 915 1029 ducem
929 967 1089 1049 burgundie
1103 987 1139 1030 ex
1154 987 1211 1032 una

139 1072 214 1138 parte
229 1073 258 1124 et
280 1061 359 1124 dom.
387 1061 583 1144 B(eatricem),
612 1061 770 1142 dalphinam
801 1063 985 1127 Viennensem
1016 1078 1044 1127 et
1072 1064 1211 1128 dominam

139 1157 307 1238 Fucigniaci,
323 1178 359 1220 ex
368 1159 465 1222 altera.

174 1255 222 1316 86.
242 1260 321 1332 Item,
336 1255 421 1336 qued.
439 1255 529 1318 littera
542 1255 631 1338 sigillo
657 1256 731 1318 dom¹
753 1256 870 1319 Roberti
883 1256 964 1320 ducis
991 1259 1155 1339 Burgundio
1182 1259 1210 1321 in

137 1351 267 1429 pendenti
281 1350 410 1432 sigillata,
423 1351 525 1432 scripta
535 1352 587 1414 sub
600 1371 675 1416 anno
691 1353 744 1415 Diri
760 1359 860 1414 M⁰CC⁰
875 1371 980 1436 nonag.
998 1361 1044 1432 Ψ,
1062 1355 1107 1418 die
1121 1375 1212 1418 vene·

137 1447 173 1511 ris
190 1449 307 1512 infesto
328 1449 527 1512 conversionis
541 1450 628 1514 sancti
643 1450 731 1526 Pauli,
751 1450 897 1514 continens
924 1452 1157 1533 composicionem
1184 1467 1212 1516 et

138 1547 314 1608 concordiam
328 1547 422 1609 lactas*
430 1548 502 1611 inter
514 1548 622 1610 nobiles
636 1562 664 1610 et
694 1561 823 1628 potentes
847 1547 922 1610 viros
954 1549 1031 1611 dom.
1059 1549 1210 1614 Robertum

138 1643 235 1722 ducem
245 1642 406 1724 Burgundie
422 1643 773 1724 suprascriptum,nomine
786 1663 837 1706 suo
849 1656 877 1706 et
893 1661 1212 1728 suorum,exunaparte

141 1753 167 1802 et
187 1740 265 1802 dom.
289 1739 472 1803 humbertum
496 1741 655 1822 dalphinum
676 1739 872 1815 Viennensem,
888 1739 999 1802 nomine
1014 1760 1065 1804 suo
1087 1756 1114 1804 et
1136 1743 1213 1804 dom‘

141 1843 217 1901 hune
233 1839 294 1918 eius
306 1838 458 1914 consonis,
478 1852 506 1900 et
521 1857 634 1900 suorum
652 1837 785 1899 heredum
800 1849 828 1900 et
843 1855 1047 1913 successorum,
1065 1858 1101 1900 en
1114 1839 1211 1914 altera,

141 1955 221 2016 super
241 1935 388 2017 questione
401 1947 477 1998 mota
494 1934 566 1997 inter
579 1935 655 2016 ipsos
669 1953 753 2016 super
768 1934 948 2015 Dalphinatu3
962 1948 990 1997 et
998 1934 1049 1998 luit
1064 1935 1213 1998 concordia

143 2045 168 2094 et
193 2031 366 2113 composicio
385 2033 458 2095 lacta
478 2032 550 2094 inter
563 2031 639 2112 ipsos
655 2031 731 2112 quod
754 2031 844 2094 dictus
864 2031 941 2094 dom.
964 2030 1134 2094 llumbertus
1150 2031 1213 2093 dal-

140 2129 237 2209 phinus
258 2129 442 2210 dominusque
456 2129 493 2190 de
506 2134 595 2190 Turre
615 2128 751 2214 solvebpt,
770 2127 932 2190 remictebat
946 2140 975 2189 et
990 2126 1125 2207 quittabat
1138 2127 1213 2191 dicto

139 2225 200 2288 duci
225 2226 388 2308 Burgundie
404 2226 530 2308 quitquid
546 2226 619 2287 idem
636 2225 713 2287 dom.
734 2224 904 2288 humbertus
926 2237 955 2286 et
977 2231 1059 2305 Hugo
1073 2223 1109 2286 de
1124 2231 1212 2287 Turre

137 2323 220 2386 irater
235 2343 303 2386 suus
317 2322 468 2399 habebant,
484 2322 619 2385 tenebant
632 2336 660 2384 et
684 2321 865 2403 possidebant
877 2335 1003 2402 tempore
1026 2336 1101 2384 mote
1112 2342 1211 2404 guerre

138 2421 261 2501 predicte
273 2420 342 2482 citra
358 2439 458 2500 aquam
469 2420 625 2501 vulgariter
637 2419 803 2500 appellatam
818 2425 924 2501 hynez,
935 2418 970 2480 de
985 2432 1059 2481 terra
1072 2420 1107 2481 de
1123 2427 1212 2482 Reve-

138 2535 201 2577 mon
210 2534 311 2579 versus
320 2531 423 2578 terram
438 2517 475 2579 de
491 2523 624 2600 Breyces,
651 2517 680 2578 in
703 2516 923 2598 quibuscumque
945 2517 1028 2580 rebus
1047 2517 1209 2593 consistant,

138 2613 260 2693 exceptis
275 2612 441 2693 quibusdam
454 2613 552 2676 castris
565 2628 595 2675 et
607 2613 697 2676 leudis
713 2613 854 2695 dequibus
867 2633 897 2676 se
912 2614 1163 2696 compromiserunt
1183 2617 1211 2678 in

137 2723 316 2791 magestatem
323 2711 427 2791 regiam
441 2711 514 2774 dom¹
527 2711 645 2792 Philippi
655 2712 730 2793 regis
744 2719 913 2774 Francorum
928 2726 955 2774 et
970 2713 1056 2776 eciam
1074 2714 1110 2776 de
1123 2713 1212 2794 pluri-

137 2806 186 2869 bus
199 2807 260 2869 aliis
274 2807 475 2889 questionibus,
489 2808 574 2870 videl.
585 2807 669 2871 castri
684 2808 825 2883 Tarracie,
838 2808 940 2872 Montis
953 2810 1043 2872 Fortis
1053 2823 1081 2873 et
1091 2809 1210 2890 plurium

135 2903 247 2964 aliarum
273 2902 460 2983 questionum,
485 2923 515 2965 se
536 2904 564 2966 in
594 2903 699 2966 dictum
718 2903 794 2966 dom.
822 2923 916 2985 regern
936 2905 1209 2986 compromiserunt;

136 3001 223 3064 dictus
245 3021 315 3062 vero
343 3001 400 3062 dux
425 3001 453 3063 in
475 2995 762 3083 recompensationem
786 3001 960 3082 quittacionis
986 3017 1015 3065 et
1040 3002 1211 3065 remissionis

137 3097 253 3176 predict.
279 3097 373 3172 solvit,
390 3097 495 3161 remisit
511 3099 622 3179 penitus
643 3111 672 3161 et
693 3097 822 3179 quittavit
843 3097 918 3162 dicto
935 3099 1011 3160 dom.
1043 3099 1209 3176 Humberto,

138 3194 247 3256 nomine
258 3193 333 3255 dicte
348 3193 643 3258 dom‘hnneconsorti
657 3215 707 3257 sue
720 3195 875 3277 recipienti,
901 3195 1033 3258 heredum
1060 3210 1088 3257 et
1103 3214 1213 3258 succes·

138 3308 229 3351 sorum
244 3290 504 3372 suorum,quitquid
513 3291 581 3371 juris
590 3290 712 3354 habebat
725 3292 754 3353 in
766 3292 918 3354 hereditate
929 3306 957 3354 et
965 3292 1045 3353 bonis
1060 3291 1212 3372 Dalphina-

135 3399 179 3448 tus
195 3408 204 3465 ;
235 3387 383 3450 continens
396 3387 478 3450 etiam
489 3388 583 3468 plures
598 3388 666 3450 ahos
685 3401 845 3452 contractus
858 3387 967 3452 habitos
981 3388 1052 3450 inter
1080 3388 1156 3469 ipsos
1184 3402 1212 3452 et

138 3484 334 3560 concordatus,
354 3498 437 3564 prout
450 3484 479 3546 in
492 3484 566 3548 dicta
580 3485 670 3556 littera
686 3485 854 3548 continetur.

176 3581 222 3658 87.
243 3587 324 3654 ltem,
341 3580 425 3659 qued.
439 3580 529 3644 littera
546 3581 650 3643 adom⁰
665 3582 792 3662 Philippo
808 3601 874 3662 rege
894 3587 1063 3644 Francorum
1085 3598 1215 3647 emanata

138 3678 250 3760 ejusque
266 3677 356 3759 sigillo
386 3677 414 3739 in
438 3678 570 3759 pendenti
597 3677 725 3758 sigillata,
751 3678 853 3760 scripta
867 3677 919 3740 sub
940 3697 1013 3740 anno
1034 3678 1087 3740 Diri
1111 3687 1209 3742 M⁰CC.

138 3794 238 3857 nonag.
258 3784 305 3852 V⁰,
321 3775 466 3838 continens
487 3775 712 3856 acceptacionem
739 3789 767 3838 et
792 3774 1034 3838 confirmacionem
1057 3775 1144 3837 lactas
1162 3796 1212 3857 per

140 3868 212 3933 dom.
227 3891 326 3954 regem
341 3879 511 3934 Francorum
528 3891 611 3952 super
627 3871 828 3952 compromisso
853 3885 881 3933 et
906 3873 1056 3935 concordia
1082 3891 1164 3952 supra
1183 3873 1211 3934 in

139 3969 263 4046 proxima
277 3967 368 4030 littera
381 3968 460 4030 iactis
472 3987 522 4049 per
538 3968 614 4029 dom.
632 3967 730 4029 ducem
747 3965 905 4048 Burgundie
920 3980 948 4029 et
962 3967 1037 4030 dom.
1072 3967 1213 4028 Humber-

139 4075 196 4124 tum
212 4063 385 4144 dalphinum,
400 4063 541 4125 dominum
558 4063 593 4125 de
607 4069 707 4139 Turre,
726 4077 754 4125 et
770 4063 954 4144 obligationes
967 4083 1017 4145 per
1033 4064 1122 4125 dictos
1142 4081 1213 4124 con-

141 4173 261 4224 traentes
274 4161 363 4222 lactas
377 4160 405 4222 in
424 4179 506 4222 manu
521 4161 606 4242 ipsius
623 4160 699 4222 dom.
714 4160 789 4240 regis
803 4160 840 4222 de
852 4160 984 4242 predictis
998 4159 1189 4221 observandis.
