<?xml version="1.0" encoding="UTF-8"?>
<!DOCTYPE html PUBLIC "-//W3C//DTD XHTML 1.0 Transitional//EN"
    "http://www.w3.org/TR/xhtml1/DTD/xhtml1-transitional.dtd">
<html xmlns="http://www.w3.org/1999/xhtml" xml:lang="en" lang="en">
 <head>
  <title>
</title>
<meta http-equiv="Content-Type" content="text/html;charset=utf-8" />
  <meta name='ocr-system' content='tesseract 3.04.00' />
  <meta name='ocr-capabilities' content='ocr_page ocr_carea ocr_par ocr_line ocrx_word'/>
</head>
<body>
  <div class='ocr_page' id='page_1' title='image "./inventairedesar00glgoog/inventairedesar00glgoog_0101.png"; bbox 0 0 2936 4898; ppageno 0'>
   <div class='ocr_carea' id='block_1_1' title="bbox 717 469 974 558">
    <p class='ocr_par' dir='ltr' id='par_1_1' title="bbox 717 469 974 558">
     <span class='ocr_line' id='line_1_1' title="bbox 717 469 974 558; baseline 0 -28"><span class='ocrx_word' id='word_1_1' title='bbox 717 469 872 530; x_wconf 88' lang='lat'>-66—</span> <span class='ocrx_word' id='word_1_2' title='bbox 971 544 974 558; x_wconf 64' lang='lat'>,</span> 
     </span>
    </p>
   </div>
   <div class='ocr_carea' id='block_1_2' title="bbox 252 588 1430 3977">
    <p class='ocr_par' dir='ltr' id='par_1_2' title="bbox 256 588 1333 1264">
     <span class='ocr_line' id='line_1_2' title="bbox 259 588 1330 685; baseline -0.007 -17"><span class='ocrx_word' id='word_1_3' title='bbox 259 611 385 681; x_wconf 83' lang='lat' dir='ltr'>Xllvll⁰,</span> <span class='ocrx_word' id='word_1_4' title='bbox 415 601 505 685; x_wconf 91' lang='lat' dir='ltr'>sigillo</span> <span class='ocrx_word' id='word_1_5' title='bbox 533 597 670 682; x_wconf 83' lang='lat' dir='ltr'>magnifici</span> <span class='ocrx_word' id='word_1_6' title='bbox 699 614 727 662; x_wconf 91' lang='lat' dir='ltr'>et</span> <span class='ocrx_word' id='word_1_7' title='bbox 752 602 873 682; x_wconf 91' lang='lat' dir='ltr'>potentis</span> <span class='ocrx_word' id='word_1_8' title='bbox 904 601 956 662; x_wconf 89' lang='lat' dir='ltr'>viri</span> <span class='ocrx_word' id='word_1_9' title='bbox 972 601 1049 662; x_wconf 89' lang='lat' dir='ltr'>dom.</span> <span class='ocrx_word' id='word_1_10' title='bbox 1068 588 1200 662; x_wconf 76' lang='lat' dir='ltr'>iohannis</span> <span class='ocrx_word' id='word_1_11' title='bbox 1224 601 1330 663; x_wconf 92' lang='lat' dir='ltr'>comitis</span> 
     </span>
     <span class='ocr_line' id='line_1_3' title="bbox 259 695 1329 778; baseline -0.008 -14"><span class='ocrx_word' id='word_1_12' title='bbox 259 701 364 764; x_wconf 82' lang='lat' dir='ltr'>Foresii</span> <span class='ocrx_word' id='word_1_13' title='bbox 380 720 444 765; x_wconf 90' lang='lat' dir='ltr'>cera</span> <span class='ocrx_word' id='word_1_14' title='bbox 468 698 555 760; x_wconf 87' lang='lat' dir='ltr'>mbeo</span> <span class='ocrx_word' id='word_1_15' title='bbox 569 697 597 758; x_wconf 92' lang='lat' dir='ltr'>in</span> <span class='ocrx_word' id='word_1_16' title='bbox 613 696 746 777; x_wconf 86' lang='lat' dir='ltr'>pendenti</span> <span class='ocrx_word' id='word_1_17' title='bbox 758 697 886 778; x_wconf 85' lang='lat' dir='ltr'>sigillata,</span> <span class='ocrx_word' id='word_1_18' title='bbox 902 698 1047 760; x_wconf 90' lang='lat' dir='ltr'>continens</span> <span class='ocrx_word' id='word_1_19' title='bbox 1063 696 1138 778; x_wconf 93' lang='lat' dir='ltr'>quod</span> <span class='ocrx_word' id='word_1_20' title='bbox 1164 695 1238 757; x_wconf 95' lang='lat' dir='ltr'>idem</span> <span class='ocrx_word' id='word_1_21' title='bbox 1253 695 1329 757; x_wconf 92' lang='lat' dir='ltr'>dom.</span> 
     </span>
     <span class='ocr_line' id='line_1_4' title="bbox 257 791 1331 882; baseline -0.006 -23"><span class='ocrx_word' id='word_1_22' title='bbox 257 799 397 860; x_wconf 80' lang='lat' dir='ltr'>lohannes</span> <span class='ocrx_word' id='word_1_23' title='bbox 414 813 508 858; x_wconf 92' lang='lat' dir='ltr'>comes</span> <span class='ocrx_word' id='word_1_24' title='bbox 522 793 627 855; x_wconf 80' lang='lat' dir='ltr'>Foresii</span> <span class='ocrx_word' id='word_1_25' title='bbox 641 792 784 855; x_wconf 86' lang='lat' dir='ltr'>confessus</span> <span class='ocrx_word' id='word_1_26' title='bbox 797 793 849 854; x_wconf 86' lang='lat' dir='ltr'>luit</span> <span class='ocrx_word' id='word_1_27' title='bbox 863 792 992 856; x_wconf 92' lang='lat' dir='ltr'>habuisse</span> <span class='ocrx_word' id='word_1_28' title='bbox 1005 813 1021 855; x_wconf 91' lang='lat' dir='ltr'>a</span> <span class='ocrx_word' id='word_1_29' title='bbox 1044 791 1198 882; x_wconf 85' lang='lat' dir='ltr'>magnifico</span> <span class='ocrx_word' id='word_1_30' title='bbox 1207 792 1331 874; x_wconf 76' lang='lat' dir='ltr'>principe</span> 
     </span>
     <span class='ocr_line' id='line_1_5' title="bbox 258 888 1329 973; baseline -0.007 -18"><span class='ocrx_word' id='word_1_31' title='bbox 258 895 288 955; x_wconf 85' lang='lat' dir='ltr'>d⁰</span> <span class='ocrx_word' id='word_1_32' title='bbox 299 893 426 973; x_wconf 90' lang='lat' dir='ltr'>Guigone</span> <span class='ocrx_word' id='word_1_33' title='bbox 438 891 569 971; x_wconf 87' lang='lat' dir='ltr'>dalphino</span> <span class='ocrx_word' id='word_1_34' title='bbox 581 890 741 967; x_wconf 88' lang='lat' dir='ltr'>Viennensi,</span> <span class='ocrx_word' id='word_1_35' title='bbox 758 891 793 952; x_wconf 93' lang='lat' dir='ltr'>de</span> <span class='ocrx_word' id='word_1_36' title='bbox 810 910 916 953; x_wconf 91' lang='lat' dir='ltr'>summa</span> <span class='ocrx_word' id='word_1_37' title='bbox 933 891 1029 970; x_wconf 90' lang='lat' dir='ltr'>majori</span> <span class='ocrx_word' id='word_1_38' title='bbox 1042 889 1138 971; x_wconf 88' lang='lat' dir='ltr'>inqua</span> <span class='ocrx_word' id='word_1_39' title='bbox 1152 889 1243 952; x_wconf 89' lang='lat' dir='ltr'>dictus</span> <span class='ocrx_word' id='word_1_40' title='bbox 1253 888 1329 949; x_wconf 81' lang='lat' dir='ltr'>dorii.</span> 
     </span>
     <span class='ocr_line' id='line_1_6' title="bbox 257 985 1333 1070; baseline -0.004 -19"><span class='ocrx_word' id='word_1_41' title='bbox 257 989 403 1070; x_wconf 91' lang='lat' dir='ltr'>dalphinus</span> <span class='ocrx_word' id='word_1_42' title='bbox 413 987 502 1049; x_wconf 91' lang='lat' dir='ltr'>eidem</span> <span class='ocrx_word' id='word_1_43' title='bbox 514 987 606 1049; x_wconf 90' lang='lat' dir='ltr'>comiti</span> <span class='ocrx_word' id='word_1_44' title='bbox 615 987 773 1063; x_wconf 86' lang='lat' dir='ltr'>tenebatur,</span> <span class='ocrx_word' id='word_1_45' title='bbox 792 987 877 1049; x_wconf 90' lang='lat' dir='ltr'>videl.</span> <span class='ocrx_word' id='word_1_46' title='bbox 889 996 915 1049; x_wconf 87' lang='grc' dir='ltr'><strong><em>Μ</em></strong></span> <span class='ocrx_word' id='word_1_47' title='bbox 932 1001 959 1051; x_wconf 93' lang='lat' dir='ltr'>et</span> <span class='ocrx_word' id='word_1_48' title='bbox 973 989 1011 1050; x_wconf 87' lang='lat' dir='ltr'>Vc</span> <span class='ocrx_word' id='word_1_49' title='bbox 1025 989 1146 1048; x_wconf 90' lang='lat' dir='ltr'>llorenos</span> <span class='ocrx_word' id='word_1_50' title='bbox 1155 986 1214 1048; x_wconf 93' lang='lat' dir='ltr'>auri</span> <span class='ocrx_word' id='word_1_51' title='bbox 1224 987 1260 1048; x_wconf 87' lang='lat' dir='ltr'>d&#39;e</span> <span class='ocrx_word' id='word_1_52' title='bbox 1272 985 1333 1047; x_wconf 79' lang='lat' dir='ltr'>Flo</span> 
     </span>
     <span class='ocr_line' id='line_1_7' title="bbox 258 1073 1333 1165; baseline -0.004 -19"><span class='ocrx_word' id='word_1_53' title='bbox 258 1086 345 1148; x_wconf 87' lang='lat' dir='ltr'>tentia</span> <span class='ocrx_word' id='word_1_54' title='bbox 358 1085 424 1147; x_wconf 92' lang='lat' dir='ltr'>boni</span> <span class='ocrx_word' id='word_1_55' title='bbox 436 1083 579 1165; x_wconf 90' lang='lat' dir='ltr'>ponderis,</span> <span class='ocrx_word' id='word_1_56' title='bbox 594 1083 629 1144; x_wconf 93' lang='lat' dir='ltr'>de</span> <span class='ocrx_word' id='word_1_57' title='bbox 644 1083 744 1165; x_wconf 89' lang='lat' dir='ltr'>quibus</span> <span class='ocrx_word' id='word_1_58' title='bbox 758 1083 862 1145; x_wconf 90' lang='lat' dir='ltr'>dictum</span> <span class='ocrx_word' id='word_1_59' title='bbox 879 1083 955 1145; x_wconf 93' lang='lat' dir='ltr'>dom.</span> <span class='ocrx_word' id='word_1_60' title='bbox 973 1082 1132 1165; x_wconf 88' lang='lat' dir='ltr'>dalphinum</span> <span class='ocrx_word' id='word_1_61' title='bbox 1143 1093 1171 1144; x_wconf 89' lang='lat' dir='ltr'>et</span> <span class='ocrx_word' id='word_1_62' title='bbox 1184 1085 1249 1144; x_wconf 76' lang='lat' dir='ltr'>sud‘s</span> <span class='ocrx_word' id='word_1_63' title='bbox 1261 1073 1333 1143; x_wconf 82' lang='lat' dir='ltr'>lide-</span> 
     </span>
     <span class='ocr_line' id='line_1_8' title="bbox 256 1181 660 1264; baseline -0.01 -18"><span class='ocrx_word' id='word_1_64' title='bbox 256 1185 378 1264; x_wconf 86' lang='lat' dir='ltr'>jussores</span> <span class='ocrx_word' id='word_1_65' title='bbox 388 1183 470 1245; x_wconf 91' lang='lat' dir='ltr'>solvit</span> <span class='ocrx_word' id='word_1_66' title='bbox 485 1195 512 1244; x_wconf 89' lang='lat' dir='ltr'>et</span> <span class='ocrx_word' id='word_1_67' title='bbox 523 1181 660 1263; x_wconf 78' lang='lat' dir='ltr'>quittavit.</span> 
     </span>
    </p>

    <p class='ocr_par' dir='ltr' id='par_1_3' title="bbox 257 1281 1332 1452">
     <span class='ocr_line' id='line_1_9' title="bbox 292 1281 1332 1362; baseline -0.005 -18"><span class='ocrx_word' id='word_1_68' title='bbox 292 1287 326 1344; x_wconf 85' lang='lat' dir='ltr'>Et</span> <span class='ocrx_word' id='word_1_69' title='bbox 340 1297 397 1344; x_wconf 92' lang='lat' dir='ltr'>sunt</span> <span class='ocrx_word' id='word_1_70' title='bbox 411 1287 476 1345; x_wconf 91' lang='lat' dir='ltr'>dicte</span> <span class='ocrx_word' id='word_1_71' title='bbox 490 1288 538 1344; x_wconf 93' lang='lat' dir='ltr'>due</span> <span class='ocrx_word' id='word_1_72' title='bbox 553 1285 632 1343; x_wconf 86' lang='lat' dir='ltr'>littere</span> <span class='ocrx_word' id='word_1_73' title='bbox 646 1303 721 1361; x_wconf 91' lang='lat' dir='ltr'>supra</span> <span class='ocrx_word' id='word_1_74' title='bbox 735 1286 847 1362; x_wconf 85' lang='lat' dir='ltr'>proxime</span> <span class='ocrx_word' id='word_1_75' title='bbox 860 1284 991 1359; x_wconf 78' lang='lat' dir='ltr'>registrare</span> <span class='ocrx_word' id='word_1_76' title='bbox 1005 1281 1075 1341; x_wconf 90' lang='lat' dir='ltr'>simul</span> <span class='ocrx_word' id='word_1_77' title='bbox 1087 1284 1110 1340; x_wconf 90' lang='lat' dir='ltr'>in</span> <span class='ocrx_word' id='word_1_78' title='bbox 1120 1284 1226 1358; x_wconf 86' lang='lat' dir='ltr'>quadam</span> <span class='ocrx_word' id='word_1_79' title='bbox 1241 1282 1332 1340; x_wconf 86' lang='lat' dir='ltr'>buxida</span> 
     </span>
     <span class='ocr_line' id='line_1_10' title="bbox 257 1377 549 1452; baseline -0.003 -19"><span class='ocrx_word' id='word_1_80' title='bbox 257 1395 305 1452; x_wconf 90' lang='lat' dir='ltr'>que</span> <span class='ocrx_word' id='word_1_81' title='bbox 319 1377 487 1452; x_wconf 89' lang='lat' dir='ltr'>superscripta</span> <span class='ocrx_word' id='word_1_82' title='bbox 502 1385 549 1432; x_wconf 91' lang='lat' dir='ltr'>est.</span> 
     </span>
    </p>

    <p class='ocr_par' dir='ltr' id='par_1_4' title="bbox 257 1467 1335 2330">
     <span class='ocr_line' id='line_1_11' title="bbox 301 1467 1335 1555; baseline -0.003 -20"><span class='ocrx_word' id='word_1_83' title='bbox 301 1475 366 1551; x_wconf 88' lang='lat'><em>338.</em></span> <span class='ocrx_word' id='word_1_84' title='bbox 383 1482 462 1549; x_wconf 88' lang='lat' dir='ltr'>Item,</span> <span class='ocrx_word' id='word_1_85' title='bbox 481 1473 567 1555; x_wconf 92' lang='lat' dir='ltr'>quod.</span> <span class='ocrx_word' id='word_1_86' title='bbox 582 1473 618 1534; x_wconf 95' lang='grc'>31.</span> <span class='ocrx_word' id='word_1_87' title='bbox 642 1473 854 1535; x_wconf 81' lang='lat' dir='ltr'>instrumentum</span> <span class='ocrx_word' id='word_1_88' title='bbox 884 1485 1026 1553; x_wconf 90' lang='lat' dir='ltr'>receptum</span> <span class='ocrx_word' id='word_1_89' title='bbox 1040 1487 1122 1532; x_wconf 89' lang='lat' dir='ltr'>manu</span> <span class='ocrx_word' id='word_1_90' title='bbox 1139 1467 1240 1532; x_wconf 78' lang='lat' dir='ltr'>lluhrb‘i</span> <span class='ocrx_word' id='word_1_91' title='bbox 1253 1469 1335 1532; x_wconf 82' lang='lat' dir='ltr'>Pilati</span> 
     </span>
     <span class='ocr_line' id='line_1_12' title="bbox 257 1567 1333 1651; baseline -0.004 -19"><span class='ocrx_word' id='word_1_92' title='bbox 257 1583 316 1632; x_wconf 92' lang='lat' dir='ltr'>not.</span> <span class='ocrx_word' id='word_1_93' title='bbox 331 1571 399 1650; x_wconf 92' lang='lat' dir='ltr'>pub.</span> <span class='ocrx_word' id='word_1_94' title='bbox 418 1583 446 1632; x_wconf 92' lang='lat' dir='ltr'>et</span> <span class='ocrx_word' id='word_1_95' title='bbox 468 1583 624 1651; x_wconf 88' lang='lat' dir='ltr'>grossatum</span> <span class='ocrx_word' id='word_1_96' title='bbox 650 1589 733 1632; x_wconf 90' lang='lat' dir='ltr'>manu</span> <span class='ocrx_word' id='word_1_97' title='bbox 763 1569 894 1633; x_wconf 88' lang='lat' dir='ltr'>Johannis</span> <span class='ocrx_word' id='word_1_98' title='bbox 915 1569 1074 1632; x_wconf 79' lang='lat' dir='ltr'>Amandrini</span> <span class='ocrx_word' id='word_1_99' title='bbox 1092 1582 1152 1630; x_wconf 91' lang='lat' dir='ltr'>not.</span> <span class='ocrx_word' id='word_1_100' title='bbox 1180 1567 1263 1649; x_wconf 90' lang='lat' dir='ltr'>pub.,</span> <span class='ocrx_word' id='word_1_101' title='bbox 1282 1567 1333 1629; x_wconf 89' lang='lat' dir='ltr'>sub</span> 
     </span>
     <span class='ocr_line' id='line_1_13' title="bbox 257 1665 1333 1744; baseline -0.003 -16"><span class='ocrx_word' id='word_1_102' title='bbox 257 1683 330 1729; x_wconf 88' lang='lat' dir='ltr'>anno</span> <span class='ocrx_word' id='word_1_103' title='bbox 350 1668 403 1730; x_wconf 86' lang='lat' dir='ltr'>uni</span> <span class='ocrx_word' id='word_1_104' title='bbox 415 1674 681 1743; x_wconf 79' lang='lat' dir='ltr'>lll⁰CCC⁰XXVlll⁰‚</span> <span class='ocrx_word' id='word_1_105' title='bbox 696 1667 782 1729; x_wconf 92' lang='lat' dir='ltr'>indic.</span> <span class='ocrx_word' id='word_1_106' title='bbox 797 1681 850 1744; x_wconf 71' lang='lat' dir='ltr'>xr,</span> <span class='ocrx_word' id='word_1_107' title='bbox 866 1667 911 1728; x_wconf 91' lang='lat' dir='ltr'>die</span> <span class='ocrx_word' id='word_1_108' title='bbox 932 1684 951 1726; x_wconf 91' lang='lat' dir='ltr'>n</span> <span class='ocrx_word' id='word_1_109' title='bbox 964 1666 1066 1728; x_wconf 86' lang='lat' dir='ltr'>mensis</span> <span class='ocrx_word' id='word_1_110' title='bbox 1078 1665 1171 1742; x_wconf 86' lang='lat' dir='ltr'>madii,</span> <span class='ocrx_word' id='word_1_111' title='bbox 1188 1665 1333 1727; x_wconf 90' lang='lat' dir='ltr'>continens</span> 
     </span>
     <span class='ocr_line' id='line_1_14' title="bbox 257 1762 1332 1846; baseline -0.002 -20"><span class='ocrx_word' id='word_1_112' title='bbox 257 1766 415 1846; x_wconf 85' lang='lat' dir='ltr'>homagium</span> <span class='ocrx_word' id='word_1_113' title='bbox 429 1777 457 1826; x_wconf 90' lang='lat' dir='ltr'>et</span> <span class='ocrx_word' id='word_1_114' title='bbox 477 1764 637 1826; x_wconf 84' lang='lat' dir='ltr'>fidelitatem</span> <span class='ocrx_word' id='word_1_115' title='bbox 654 1764 797 1844; x_wconf 90' lang='lat' dir='ltr'>prestitum</span> <span class='ocrx_word' id='word_1_116' title='bbox 812 1783 863 1844; x_wconf 93' lang='lat' dir='ltr'>per</span> <span class='ocrx_word' id='word_1_117' title='bbox 877 1765 953 1824; x_wconf 92' lang='lat' dir='ltr'>dom.</span> <span class='ocrx_word' id='word_1_118' title='bbox 974 1762 1171 1837; x_wconf 85' lang='lat' dir='ltr'>Fremondum,</span> <span class='ocrx_word' id='word_1_119' title='bbox 1190 1763 1332 1825; x_wconf 86' lang='lat' dir='ltr'>dominum</span> 
     </span>
     <span class='ocr_line' id='line_1_15' title="bbox 257 1859 1334 1941; baseline 0 -19"><span class='ocrx_word' id='word_1_120' title='bbox 257 1863 292 1923; x_wconf 92' lang='lat' dir='ltr'>de</span> <span class='ocrx_word' id='word_1_121' title='bbox 320 1862 466 1939; x_wconf 78' lang='lat' dir='ltr'>Toloione‚</span> <span class='ocrx_word' id='word_1_122' title='bbox 494 1861 573 1923; x_wconf 92' lang='lat' dir='ltr'>dom⁰</span> <span class='ocrx_word' id='word_1_123' title='bbox 599 1861 719 1941; x_wconf 88' lang='lat' dir='ltr'>Guigoni</span> <span class='ocrx_word' id='word_1_124' title='bbox 735 1861 866 1941; x_wconf 92' lang='lat' dir='ltr'>dalphino</span> <span class='ocrx_word' id='word_1_125' title='bbox 880 1859 1041 1936; x_wconf 91' lang='lat' dir='ltr'>Viennensi,</span> <span class='ocrx_word' id='word_1_126' title='bbox 1057 1860 1140 1922; x_wconf 89' lang='lat' dir='ltr'>salvis</span> <span class='ocrx_word' id='word_1_127' title='bbox 1155 1859 1334 1923; x_wconf 83' lang='lat' dir='ltr'>fidelitatibus</span> 
     </span>
     <span class='ocr_line' id='line_1_16' title="bbox 258 1955 1334 2033; baseline 0.002 -16"><span class='ocrx_word' id='word_1_128' title='bbox 258 1957 334 2020; x_wconf 93' lang='lat' dir='ltr'>dom.</span> <span class='ocrx_word' id='word_1_129' title='bbox 353 1959 461 2020; x_wconf 91' lang='lat' dir='ltr'>comitis</span> <span class='ocrx_word' id='word_1_130' title='bbox 471 1956 694 2019; x_wconf 84' lang='lat' dir='ltr'>Altisiadorensis</span> <span class='ocrx_word' id='word_1_131' title='bbox 708 1970 736 2018; x_wconf 93' lang='lat' dir='ltr'>et</span> <span class='ocrx_word' id='word_1_132' title='bbox 759 1955 863 2018; x_wconf 90' lang='lat' dir='ltr'>domini</span> <span class='ocrx_word' id='word_1_133' title='bbox 880 1956 915 2017; x_wconf 94' lang='lat' dir='ltr'>de</span> <span class='ocrx_word' id='word_1_134' title='bbox 930 1955 1049 2033; x_wconf 87' lang='lat' dir='ltr'>vilariis,</span> <span class='ocrx_word' id='word_1_135' title='bbox 1075 1969 1103 2018; x_wconf 92' lang='lat' dir='ltr'>et</span> <span class='ocrx_word' id='word_1_136' title='bbox 1128 1956 1212 2019; x_wconf 90' lang='lat' dir='ltr'>debet</span> <span class='ocrx_word' id='word_1_137' title='bbox 1241 1957 1334 2019; x_wconf 87' lang='lat' dir='ltr'>lacere</span> 
     </span>
     <span class='ocr_line' id='line_1_17' title="bbox 257 2051 1334 2136; baseline -0.001 -20"><span class='ocrx_word' id='word_1_138' title='bbox 257 2073 386 2134; x_wconf 86' lang='lat' dir='ltr'>guerram</span> <span class='ocrx_word' id='word_1_139' title='bbox 402 2056 460 2136; x_wconf 89' lang='lat' dir='ltr'>ipse</span> <span class='ocrx_word' id='word_1_140' title='bbox 472 2068 500 2116; x_wconf 92' lang='lat' dir='ltr'>et</span> <span class='ocrx_word' id='word_1_141' title='bbox 512 2053 630 2115; x_wconf 89' lang='lat' dir='ltr'>heredes</span> <span class='ocrx_word' id='word_1_142' title='bbox 646 2052 687 2114; x_wconf 90' lang='lat' dir='ltr'>sui</span> <span class='ocrx_word' id='word_1_143' title='bbox 698 2052 733 2114; x_wconf 94' lang='lat' dir='ltr'>de</span> <span class='ocrx_word' id='word_1_144' title='bbox 747 2053 874 2134; x_wconf 91' lang='lat' dir='ltr'>personis</span> <span class='ocrx_word' id='word_1_145' title='bbox 888 2052 944 2114; x_wconf 90' lang='lat' dir='ltr'>suis</span> <span class='ocrx_word' id='word_1_146' title='bbox 959 2065 987 2113; x_wconf 93' lang='lat' dir='ltr'>et</span> <span class='ocrx_word' id='word_1_147' title='bbox 1001 2051 1036 2113; x_wconf 90' lang='lat' dir='ltr'>de</span> <span class='ocrx_word' id='word_1_148' title='bbox 1051 2065 1143 2114; x_wconf 88' lang='lat' dir='ltr'>castro</span> <span class='ocrx_word' id='word_1_149' title='bbox 1153 2053 1188 2114; x_wconf 93' lang='lat' dir='ltr'>de</span> <span class='ocrx_word' id='word_1_150' title='bbox 1197 2053 1334 2132; x_wconf 86' lang='lat' dir='ltr'>Tolojone</span> 
     </span>
     <span class='ocr_line' id='line_1_18' title="bbox 257 2135 1334 2232; baseline -0.001 -20"><span class='ocrx_word' id='word_1_151' title='bbox 257 2165 284 2213; x_wconf 89' lang='lat' dir='ltr'>et</span> <span class='ocrx_word' id='word_1_152' title='bbox 296 2152 492 2214; x_wconf 88' lang='lat' dir='ltr'>mandamento</span> <span class='ocrx_word' id='word_1_153' title='bbox 501 2135 627 2229; x_wconf 43' lang='lat' dir='ltr'>eiusdem*</span> <span class='ocrx_word' id='word_1_154' title='bbox 638 2161 735 2213; x_wconf 91' lang='lat' dir='ltr'>contra</span> <span class='ocrx_word' id='word_1_155' title='bbox 745 2169 933 2232; x_wconf 91' lang='lat' dir='ltr'>quascumque</span> <span class='ocrx_word' id='word_1_156' title='bbox 948 2168 1093 2230; x_wconf 88' lang='lat' dir='ltr'>personas,</span> <span class='ocrx_word' id='word_1_157' title='bbox 1106 2149 1229 2232; x_wconf 85' lang='lat' dir='ltr'>exceptis</span> <span class='ocrx_word' id='word_1_158' title='bbox 1243 2151 1334 2213; x_wconf 91' lang='lat' dir='ltr'>domi-</span> 
     </span>
     <span class='ocr_line' id='line_1_19' title="bbox 257 2250 490 2330; baseline 0 -18"><span class='ocrx_word' id='word_1_159' title='bbox 257 2250 299 2312; x_wconf 91' lang='lat' dir='ltr'>nis</span> <span class='ocrx_word' id='word_1_160' title='bbox 314 2251 490 2330; x_wconf 89' lang='lat' dir='ltr'>supradictis.</span> 
     </span>
    </p>

    <p class='ocr_par' dir='ltr' id='par_1_5' title="bbox 254 2341 1430 3299">
     <span class='ocr_line' id='line_1_20' title="bbox 300 2341 1334 2428; baseline -0.001 -21"><span class='ocrx_word' id='word_1_161' title='bbox 300 2365 365 2427; x_wconf 81' lang='lat'><em>339.</em></span> <span class='ocrx_word' id='word_1_162' title='bbox 386 2353 465 2421; x_wconf 87' lang='lat' dir='ltr'>Item,</span> <span class='ocrx_word' id='word_1_163' title='bbox 484 2347 568 2427; x_wconf 89' lang='lat' dir='ltr'>qued.</span> <span class='ocrx_word' id='word_1_164' title='bbox 584 2347 674 2408; x_wconf 89' lang='lat' dir='ltr'>littera</span> <span class='ocrx_word' id='word_1_165' title='bbox 688 2345 783 2428; x_wconf 88' lang='lat' dir='ltr'>sigillis</span> <span class='ocrx_word' id='word_1_166' title='bbox 798 2341 935 2426; x_wconf 86' lang='lat' dir='ltr'>magnifici</span> <span class='ocrx_word' id='word_1_167' title='bbox 952 2360 980 2406; x_wconf 89' lang='lat' dir='ltr'>et</span> <span class='ocrx_word' id='word_1_168' title='bbox 1003 2344 1124 2426; x_wconf 91' lang='lat' dir='ltr'>potentis</span> <span class='ocrx_word' id='word_1_169' title='bbox 1144 2344 1196 2406; x_wconf 92' lang='lat' dir='ltr'>viri</span> <span class='ocrx_word' id='word_1_170' title='bbox 1219 2342 1245 2404; x_wconf 86' lang='lat' dir='ltr'>d¹</span> <span class='ocrx_word' id='word_1_171' title='bbox 1275 2345 1334 2408; x_wconf 86' lang='lat' dir='ltr'>dal-</span> 
     </span>
     <span class='ocr_line' id='line_1_21' title="bbox 256 2439 1333 2523; baseline 0.001 -20"><span class='ocrx_word' id='word_1_172' title='bbox 256 2442 332 2522; x_wconf 92' lang='lat' dir='ltr'>phini</span> <span class='ocrx_word' id='word_1_173' title='bbox 358 2457 386 2504; x_wconf 94' lang='lat' dir='ltr'>et</span> <span class='ocrx_word' id='word_1_174' title='bbox 416 2443 519 2505; x_wconf 90' lang='lat' dir='ltr'>domini</span> <span class='ocrx_word' id='word_1_175' title='bbox 559 2441 595 2504; x_wconf 88' lang='lat' dir='ltr'>de</span> <span class='ocrx_word' id='word_1_176' title='bbox 622 2443 708 2504; x_wconf 89' lang='lat' dir='ltr'>Chata</span> <span class='ocrx_word' id='word_1_177' title='bbox 737 2443 765 2503; x_wconf 93' lang='lat' dir='ltr'>in</span> <span class='ocrx_word' id='word_1_178' title='bbox 780 2441 911 2523; x_wconf 89' lang='lat' dir='ltr'>pendenti</span> <span class='ocrx_word' id='word_1_179' title='bbox 932 2439 1059 2522; x_wconf 87' lang='lat' dir='ltr'>sigillata,</span> <span class='ocrx_word' id='word_1_180' title='bbox 1074 2439 1175 2522; x_wconf 87' lang='lat' dir='ltr'>scripta</span> <span class='ocrx_word' id='word_1_181' title='bbox 1193 2441 1244 2503; x_wconf 90' lang='lat' dir='ltr'>sub</span> <span class='ocrx_word' id='word_1_182' title='bbox 1258 2458 1333 2504; x_wconf 88' lang='lat' dir='ltr'>anno</span> 
     </span>
     <span class='ocr_line' id='line_1_22' title="bbox 258 2538 1332 2620; baseline 0.001 -21"><span class='ocrx_word' id='word_1_183' title='bbox 258 2539 312 2600; x_wconf 83' lang='lat' dir='ltr'>oni</span> <span class='ocrx_word' id='word_1_184' title='bbox 336 2545 552 2615; x_wconf 86' lang='lat' dir='ltr'>M⁰CC⁰LX0ll⁰,</span> <span class='ocrx_word' id='word_1_185' title='bbox 565 2540 711 2601; x_wconf 90' lang='lat' dir='ltr'>continens</span> <span class='ocrx_word' id='word_1_186' title='bbox 724 2539 798 2620; x_wconf 90' lang='lat' dir='ltr'>quod</span> <span class='ocrx_word' id='word_1_187' title='bbox 822 2545 930 2602; x_wconf 88' lang='lat' dir='ltr'>Franco</span> <span class='ocrx_word' id='word_1_188' title='bbox 947 2538 982 2600; x_wconf 90' lang='lat' dir='ltr'>de</span> <span class='ocrx_word' id='word_1_189' title='bbox 1003 2539 1100 2615; x_wconf 87' lang='lat' dir='ltr'>Chata,</span> <span class='ocrx_word' id='word_1_190' title='bbox 1123 2538 1193 2600; x_wconf 89' lang='lat' dir='ltr'>hlius</span> <span class='ocrx_word' id='word_1_191' title='bbox 1212 2539 1332 2601; x_wconf 89' lang='lat' dir='ltr'>condam</span> 
     </span>
     <span class='ocr_line' id='line_1_23' title="bbox 257 2635 1333 2716; baseline -0.001 -19"><span class='ocrx_word' id='word_1_192' title='bbox 257 2636 329 2697; x_wconf 82' lang='lat' dir='ltr'>dom¹</span> <span class='ocrx_word' id='word_1_193' title='bbox 347 2636 460 2697; x_wconf 83' lang='lat' dir='ltr'>Amedei</span> <span class='ocrx_word' id='word_1_194' title='bbox 487 2636 591 2696; x_wconf 94' lang='lat' dir='ltr'>domini</span> <span class='ocrx_word' id='word_1_195' title='bbox 622 2636 657 2698; x_wconf 94' lang='lat' dir='ltr'>de</span> <span class='ocrx_word' id='word_1_196' title='bbox 682 2636 779 2710; x_wconf 91' lang='lat' dir='ltr'>Chata,</span> <span class='ocrx_word' id='word_1_197' title='bbox 797 2635 960 2716; x_wconf 84' lang='lat' dir='ltr'>recognovit</span> <span class='ocrx_word' id='word_1_198' title='bbox 975 2655 1005 2698; x_wconf 92' lang='lat' dir='ltr'>se</span> <span class='ocrx_word' id='word_1_199' title='bbox 1018 2649 1114 2698; x_wconf 89' lang='lat' dir='ltr'>tenere</span> <span class='ocrx_word' id='word_1_200' title='bbox 1131 2645 1146 2696; x_wconf 89' lang='lat' dir='ltr'>a</span> <span class='ocrx_word' id='word_1_201' title='bbox 1168 2635 1247 2697; x_wconf 90' lang='lat' dir='ltr'>d0m⁰</span> <span class='ocrx_word' id='word_1_202' title='bbox 1262 2637 1333 2697; x_wconf 91' lang='lat' dir='ltr'>Gui-</span> 
     </span>
     <span class='ocr_line' id='line_1_24' title="bbox 255 2731 1331 2813; baseline 0.001 -20"><span class='ocrx_word' id='word_1_203' title='bbox 255 2751 329 2812; x_wconf 90' lang='lat' dir='ltr'>gone</span> <span class='ocrx_word' id='word_1_204' title='bbox 344 2731 636 2813; x_wconf 88' lang='lat' dir='ltr'>dalphinoviennensi</span> <span class='ocrx_word' id='word_1_205' title='bbox 661 2746 781 2794; x_wconf 86' lang='lat' dir='ltr'>castrum</span> <span class='ocrx_word' id='word_1_206' title='bbox 799 2746 827 2794; x_wconf 93' lang='lat' dir='ltr'>et</span> <span class='ocrx_word' id='word_1_207' title='bbox 850 2731 1073 2794; x_wconf 90' lang='lat' dir='ltr'>mandamentum</span> <span class='ocrx_word' id='word_1_208' title='bbox 1098 2731 1133 2793; x_wconf 92' lang='lat' dir='ltr'>de</span> <span class='ocrx_word' id='word_1_209' title='bbox 1158 2732 1245 2794; x_wconf 86' lang='lat' dir='ltr'>Chata</span> <span class='ocrx_word' id='word_1_210' title='bbox 1268 2751 1331 2794; x_wconf 93' lang='lat' dir='ltr'>cum</span> 
     </span>
     <span class='ocr_line' id='line_1_25' title="bbox 255 2827 1333 2910; baseline 0 -20"><span class='ocrx_word' id='word_1_211' title='bbox 255 2830 383 2892; x_wconf 88' lang='lat' dir='ltr'>omnibus</span> <span class='ocrx_word' id='word_1_212' title='bbox 393 2829 564 2910; x_wconf 90' lang='lat' dir='ltr'>pertinentiis</span> <span class='ocrx_word' id='word_1_213' title='bbox 576 2843 604 2891; x_wconf 89' lang='lat' dir='ltr'>et</span> <span class='ocrx_word' id='word_1_214' title='bbox 616 2829 812 2910; x_wconf 90' lang='lat' dir='ltr'>appendenciis</span> <span class='ocrx_word' id='word_1_215' title='bbox 821 2829 907 2909; x_wconf 91' lang='lat' dir='ltr'>ipsius</span> <span class='ocrx_word' id='word_1_216' title='bbox 923 2827 1004 2890; x_wconf 85' lang='lat' dir='ltr'>castri</span> <span class='ocrx_word' id='word_1_217' title='bbox 1020 2842 1048 2889; x_wconf 90' lang='lat' dir='ltr'>et</span> <span class='ocrx_word' id='word_1_218' title='bbox 1064 2827 1250 2890; x_wconf 90' lang='lat' dir='ltr'>mandamenti</span> <span class='ocrx_word' id='word_1_219' title='bbox 1264 2828 1333 2890; x_wconf 92' lang='lat' dir='ltr'>red-</span> 
     </span>
     <span class='ocr_line' id='line_1_26' title="bbox 255 2923 1332 3006; baseline -0.004 -18"><span class='ocrx_word' id='word_1_220' title='bbox 255 2927 349 2989; x_wconf 91' lang='lat' dir='ltr'>dibilia</span> <span class='ocrx_word' id='word_1_221' title='bbox 371 2928 406 2988; x_wconf 91' lang='lat' dir='ltr'>ad</span> <span class='ocrx_word' id='word_1_222' title='bbox 426 2927 584 3006; x_wconf 84' lang='lat' dir='ltr'>homagium</span> <span class='ocrx_word' id='word_1_223' title='bbox 605 2940 632 2987; x_wconf 92' lang='lat' dir='ltr'>et</span> <span class='ocrx_word' id='word_1_224' title='bbox 650 2925 821 3003; x_wconf 77' lang='lat' dir='ltr'>fidelitatem,</span> <span class='ocrx_word' id='word_1_225' title='bbox 846 2939 874 2987; x_wconf 91' lang='lat' dir='ltr'>et</span> <span class='ocrx_word' id='word_1_226' title='bbox 894 2926 1037 2988; x_wconf 87' lang='lat' dir='ltr'>confessus</span> <span class='ocrx_word' id='word_1_227' title='bbox 1057 2925 1107 2986; x_wconf 85' lang='lat' dir='ltr'>luit</span> <span class='ocrx_word' id='word_1_228' title='bbox 1127 2924 1201 3006; x_wconf 91' lang='lat' dir='ltr'>quod</span> <span class='ocrx_word' id='word_1_229' title='bbox 1224 2923 1253 2986; x_wconf 94' lang='lat' dir='ltr'>in</span> <span class='ocrx_word' id='word_1_230' title='bbox 1273 2943 1332 2985; x_wconf 93' lang='lat' dir='ltr'>mu-</span> 
     </span>
     <span class='ocr_line' id='line_1_27' title="bbox 254 3021 1330 3105; baseline -0.001 -18"><span class='ocrx_word' id='word_1_231' title='bbox 254 3026 359 3088; x_wconf 89' lang='lat' dir='ltr'>tatione</span> <span class='ocrx_word' id='word_1_232' title='bbox 376 3024 479 3086; x_wconf 91' lang='lat' dir='ltr'>domini</span> <span class='ocrx_word' id='word_1_233' title='bbox 496 3037 523 3085; x_wconf 90' lang='lat' dir='ltr'>et</span> <span class='ocrx_word' id='word_1_234' title='bbox 537 3023 647 3086; x_wconf 87' lang='lat' dir='ltr'>vassalli</span> <span class='ocrx_word' id='word_1_235' title='bbox 664 3023 795 3084; x_wconf 83' lang='lat' dir='ltr'>vexillum</span> <span class='ocrx_word' id='word_1_236' title='bbox 816 3023 889 3085; x_wconf 86' lang='lat' dir='ltr'>dom¹</span> <span class='ocrx_word' id='word_1_237' title='bbox 914 3021 1035 3105; x_wconf 90' lang='lat' dir='ltr'>dalp&#39;hini</span> <span class='ocrx_word' id='word_1_238' title='bbox 1051 3021 1134 3086; x_wconf 90' lang='lat' dir='ltr'>debet</span> <span class='ocrx_word' id='word_1_239' title='bbox 1161 3024 1227 3104; x_wconf 94' lang='lat' dir='ltr'>poni</span> <span class='ocrx_word' id='word_1_240' title='bbox 1247 3037 1330 3105; x_wconf 89' lang='lat' dir='ltr'>supra</span> 
     </span>
     <span class='ocr_line' id='line_1_28' title="bbox 254 3117 1430 3200; baseline -0.006 -16"><span class='ocrx_word' id='word_1_241' title='bbox 254 3122 367 3190; x_wconf 92' lang='lat' dir='ltr'>domum</span> <span class='ocrx_word' id='word_1_242' title='bbox 378 3121 443 3182; x_wconf 88' lang='lat' dir='ltr'>dicti</span> <span class='ocrx_word' id='word_1_243' title='bbox 460 3121 553 3196; x_wconf 89' lang='lat' dir='ltr'>castri,</span> <span class='ocrx_word' id='word_1_244' title='bbox 567 3133 595 3182; x_wconf 92' lang='lat' dir='ltr'>et</span> <span class='ocrx_word' id='word_1_245' title='bbox 609 3136 659 3200; x_wconf 93' lang='lat' dir='ltr'>pro</span> <span class='ocrx_word' id='word_1_246' title='bbox 673 3119 804 3200; x_wconf 88' lang='lat' dir='ltr'>predictis</span> <span class='ocrx_word' id='word_1_247' title='bbox 819 3119 976 3200; x_wconf 89' lang='lat' dir='ltr'>homagium</span> <span class='ocrx_word' id='word_1_248' title='bbox 992 3118 1084 3200; x_wconf 89' lang='lat' dir='ltr'>ligium</span> <span class='ocrx_word' id='word_1_249' title='bbox 1099 3117 1173 3180; x_wconf 89' lang='lat' dir='ltr'>dicto</span> <span class='ocrx_word' id='word_1_250' title='bbox 1184 3117 1260 3180; x_wconf 90' lang='lat' dir='ltr'>dom.</span> <span class='ocrx_word' id='word_1_251' title='bbox 1276 3117 1330 3180; x_wconf 91' lang='lat' dir='ltr'>dal·</span> <span class='ocrx_word' id='word_1_252' title='bbox 1425 3178 1430 3186; x_wconf 91' lang='lat'><em>.</em></span> 
     </span>
     <span class='ocr_line' id='line_1_29' title="bbox 254 3215 881 3299; baseline -0.003 -19"><span class='ocrx_word' id='word_1_253' title='bbox 254 3219 338 3298; x_wconf 93' lang='lat' dir='ltr'>phlno</span> <span class='ocrx_word' id='word_1_254' title='bbox 354 3217 472 3299; x_wconf 89' lang='lat' dir='ltr'>prestitit</span> <span class='ocrx_word' id='word_1_255' title='bbox 486 3237 547 3280; x_wconf 91' lang='lat' dir='ltr'>cum</span> <span class='ocrx_word' id='word_1_256' title='bbox 562 3218 717 3296; x_wconf 82' lang='lat' dir='ltr'>juramento</span> <span class='ocrx_word' id='word_1_257' title='bbox 733 3215 881 3278; x_wconf 81' lang='lat' dir='ltr'>fidelitatis.</span> 
     </span>
    </p>

    <p class='ocr_par' dir='ltr' id='par_1_6' title="bbox 252 3311 1332 3977">
     <span class='ocr_line' id='line_1_30' title="bbox 296 3311 1328 3397; baseline -0.003 -20"><span class='ocrx_word' id='word_1_258' title='bbox 296 3335 361 3394; x_wconf 86' lang='lat'>340.</span> <span class='ocrx_word' id='word_1_259' title='bbox 380 3323 459 3392; x_wconf 81' lang='lat' dir='ltr'>Item,</span> <span class='ocrx_word' id='word_1_260' title='bbox 476 3315 559 3397; x_wconf 91' lang='lat' dir='ltr'>qued.</span> <span class='ocrx_word' id='word_1_261' title='bbox 578 3315 668 3376; x_wconf 89' lang='lat' dir='ltr'>littere</span> <span class='ocrx_word' id='word_1_262' title='bbox 680 3313 796 3394; x_wconf 90' lang='lat' dir='ltr'>sigillate</span> <span class='ocrx_word' id='word_1_263' title='bbox 812 3313 840 3373; x_wconf 92' lang='lat' dir='ltr'>in</span> <span class='ocrx_word' id='word_1_264' title='bbox 855 3313 985 3392; x_wconf 88' lang='lat' dir='ltr'>pendenti</span> <span class='ocrx_word' id='word_1_265' title='bbox 1013 3312 1103 3375; x_wconf 88' lang='lat' dir='ltr'>tribus</span> <span class='ocrx_word' id='word_1_266' title='bbox 1117 3311 1223 3394; x_wconf 88' lang='lat' dir='ltr'>sigillis,</span> <span class='ocrx_word' id='word_1_267' title='bbox 1242 3313 1328 3374; x_wconf 90' lang='lat' dir='ltr'>videl.</span> 
     </span>
     <span class='ocr_line' id='line_1_31' title="bbox 253 3409 1331 3494; baseline -0.003 -20"><span class='ocrx_word' id='word_1_268' title='bbox 253 3412 429 3494; x_wconf 85' lang='lat' dir='ltr'>sigillisdom¹</span> <span class='ocrx_word' id='word_1_269' title='bbox 442 3411 574 3493; x_wconf 87' lang='lat' dir='ltr'>dalphini,</span> <span class='ocrx_word' id='word_1_270' title='bbox 584 3411 707 3491; x_wconf 89' lang='lat' dir='ltr'>episcopi</span> <span class='ocrx_word' id='word_1_271' title='bbox 722 3409 933 3490; x_wconf 85' lang='lat' dir='ltr'>Gracionopolis</span> <span class='ocrx_word' id='word_1_272' title='bbox 950 3409 1094 3491; x_wconf 91' lang='lat' dir='ltr'>etcapituli</span> <span class='ocrx_word' id='word_1_273' title='bbox 1106 3410 1198 3471; x_wconf 90' lang='lat' dir='ltr'>Sancti</span> <span class='ocrx_word' id='word_1_274' title='bbox 1218 3409 1331 3471; x_wconf 77' lang='lat' dir='ltr'>Andree</span> 
     </span>
     <span class='ocr_line' id='line_1_32' title="bbox 254 3506 1332 3590; baseline 0.001 -21"><span class='ocrx_word' id='word_1_275' title='bbox 254 3509 476 3590; x_wconf 86' lang='lat' dir='ltr'>Gracionopolis‚</span> <span class='ocrx_word' id='word_1_276' title='bbox 493 3508 595 3588; x_wconf 90' lang='lat' dir='ltr'>scripte</span> <span class='ocrx_word' id='word_1_277' title='bbox 610 3526 683 3568; x_wconf 93' lang='lat' dir='ltr'>anno</span> <span class='ocrx_word' id='word_1_278' title='bbox 710 3506 798 3567; x_wconf 78' lang='lat' dir='ltr'>Dirice</span> <span class='ocrx_word' id='word_1_279' title='bbox 820 3507 935 3569; x_wconf 89' lang='lat' dir='ltr'>Nativit.</span> <span class='ocrx_word' id='word_1_280' title='bbox 961 3512 1202 3582; x_wconf 85' lang='lat' dir='ltr'>M⁰CC⁰XXX1X⁰,</span> <span class='ocrx_word' id='word_1_281' title='bbox 1218 3520 1252 3566; x_wconf 88' lang='lat' dir='ltr'>v⁰</span> <span class='ocrx_word' id='word_1_282' title='bbox 1268 3507 1332 3570; x_wconf 90' lang='lat' dir='ltr'>idus</span> 
     </span>
     <span class='ocr_line' id='line_1_33' title="bbox 252 3601 1332 3686; baseline -0.001 -19"><span class='ocrx_word' id='word_1_283' title='bbox 252 3607 320 3685; x_wconf 88' lang='lat' dir='ltr'>julii,</span> <span class='ocrx_word' id='word_1_284' title='bbox 359 3607 443 3668; x_wconf 88' lang='lat' dir='ltr'>indic.</span> <span class='ocrx_word' id='word_1_285' title='bbox 474 3617 536 3681; x_wconf 67' lang='lat' dir='ltr'>xnfl,</span> <span class='ocrx_word' id='word_1_286' title='bbox 567 3603 740 3666; x_wconf 86' lang='lat' dir='ltr'>continentes</span> <span class='ocrx_word' id='word_1_287' title='bbox 761 3601 836 3683; x_wconf 83' lang='lat' dir='ltr'>quo&#39;d</span> <span class='ocrx_word' id='word_1_288' title='bbox 860 3603 1021 3665; x_wconf 88' lang='lat' dir='ltr'>Guillelmus</span> <span class='ocrx_word' id='word_1_289' title='bbox 1039 3602 1074 3665; x_wconf 90' lang='lat' dir='ltr'>de</span> <span class='ocrx_word' id='word_1_290' title='bbox 1097 3603 1227 3686; x_wconf 86' lang='lat' dir='ltr'>Belveyr,</span> <span class='ocrx_word' id='word_1_291' title='bbox 1249 3619 1332 3684; x_wconf 86' lang='lat' dir='ltr'>pater</span> 
     </span>
     <span class='ocr_line' id='line_1_34' title="bbox 253 3700 1330 3782; baseline 0.001 -18"><span class='ocrx_word' id='word_1_292' title='bbox 253 3703 389 3766; x_wconf 87' lang='lat' dir='ltr'>Guillelmi</span> <span class='ocrx_word' id='word_1_293' title='bbox 403 3703 438 3763; x_wconf 92' lang='lat' dir='ltr'>de</span> <span class='ocrx_word' id='word_1_294' title='bbox 452 3701 606 3776; x_wconf 85' lang='lat' dir='ltr'>Falaverio,</span> <span class='ocrx_word' id='word_1_295' title='bbox 619 3700 839 3782; x_wconf 90' lang='lat' dir='ltr'>recognoscebat</span> <span class='ocrx_word' id='word_1_296' title='bbox 854 3720 884 3762; x_wconf 92' lang='lat' dir='ltr'>se</span> <span class='ocrx_word' id='word_1_297' title='bbox 897 3701 962 3762; x_wconf 91' lang='lat' dir='ltr'>olim</span> <span class='ocrx_word' id='word_1_298' title='bbox 977 3701 1116 3782; x_wconf 89' lang='lat' dir='ltr'>obligasse</span> <span class='ocrx_word' id='word_1_299' title='bbox 1139 3709 1204 3782; x_wconf 79' lang='lat' dir='ltr'>pro‘</span> <span class='ocrx_word' id='word_1_300' title='bbox 1221 3721 1330 3765; x_wconf 89' lang='lat' dir='ltr'>summa</span> 
     </span>
     <span class='ocr_line' id='line_1_35' title="bbox 255 3796 1329 3876; baseline 0.003 -17"><span class='ocrx_word' id='word_1_301' title='bbox 255 3803 317 3860; x_wconf 82' lang='grc' dir='ltr'>111ῐῃ</span> <span class='ocrx_word' id='word_1_302' title='bbox 334 3799 415 3861; x_wconf 91' lang='lat' dir='ltr'>solid.</span> <span class='ocrx_word' id='word_1_303' title='bbox 434 3797 569 3860; x_wconf 87' lang='lat' dir='ltr'>Viennen.</span> <span class='ocrx_word' id='word_1_304' title='bbox 586 3798 663 3859; x_wconf 79' lang='lat' dir='ltr'>dom⁸</span> <span class='ocrx_word' id='word_1_305' title='bbox 696 3798 839 3871; x_wconf 87' lang='lat' dir='ltr'>Beatrisie,</span> <span class='ocrx_word' id='word_1_306' title='bbox 867 3798 976 3860; x_wconf 88' lang='lat' dir='ltr'>Vienne·</span> <span class='ocrx_word' id='word_1_307' title='bbox 997 3811 1025 3860; x_wconf 94' lang='lat' dir='ltr'>et</span> <span class='ocrx_word' id='word_1_308' title='bbox 1048 3796 1161 3860; x_wconf 81' lang='lat' dir='ltr'>Albonis</span> <span class='ocrx_word' id='word_1_309' title='bbox 1176 3799 1329 3876; x_wconf 84' lang='lat' dir='ltr'>comitisse,</span> 
     </span>
     <span class='ocr_line' id='line_1_36' title="bbox 253 3893 1330 3977; baseline 0 -19"><span class='ocrx_word' id='word_1_310' title='bbox 253 3910 373 3958; x_wconf 86' lang='lat' dir='ltr'>castrum</span> <span class='ocrx_word' id='word_1_311' title='bbox 390 3896 426 3956; x_wconf 93' lang='lat' dir='ltr'>de</span> <span class='ocrx_word' id='word_1_312' title='bbox 443 3896 565 3977; x_wconf 88' lang='lat' dir='ltr'>Septimo</span> <span class='ocrx_word' id='word_1_313' title='bbox 590 3910 618 3957; x_wconf 90' lang='lat' dir='ltr'>et</span> <span class='ocrx_word' id='word_1_314' title='bbox 641 3893 825 3957; x_wconf 86' lang='lat' dir='ltr'>confitebatur</span> <span class='ocrx_word' id='word_1_315' title='bbox 848 3895 914 3957; x_wconf 91' lang='lat' dir='ltr'>dict.</span> <span class='ocrx_word' id='word_1_316' title='bbox 943 3895 1071 3956; x_wconf 91' lang='lat' dir='ltr'>dominus</span> <span class='ocrx_word' id='word_1_317' title='bbox 1096 3896 1131 3957; x_wconf 95' lang='lat' dir='ltr'>de</span> <span class='ocrx_word' id='word_1_318' title='bbox 1154 3895 1231 3957; x_wconf 89' lang='lat' dir='ltr'>Bello</span> <span class='ocrx_word' id='word_1_319' title='bbox 1260 3897 1330 3958; x_wconf 87' lang='lat' dir='ltr'>Vis&#39;u</span> 
     </span>
    </p>
   </div>
   <div class='ocr_carea' id='block_1_3' title="bbox 253 3981 1452 4073">
    <p class='ocr_par' dir='ltr' id='par_1_7' title="bbox 253 3981 1452 4073">
     <span class='ocr_line' id='line_1_37' title="bbox 253 3981 1452 4073; baseline 0.002 -21"><span class='ocrx_word' id='word_1_320' title='bbox 253 3992 356 4053; x_wconf 92' lang='lat' dir='ltr'>dictum</span> <span class='ocrx_word' id='word_1_321' title='bbox 367 4005 487 4053; x_wconf 86' lang='lat' dir='ltr'>castrum</span> <span class='ocrx_word' id='word_1_322' title='bbox 501 3993 535 4054; x_wconf 91' lang='lat' dir='ltr'>de</span> <span class='ocrx_word' id='word_1_323' title='bbox 548 3992 671 4073; x_wconf 84' lang='lat' dir='ltr'>Septimo</span> <span class='ocrx_word' id='word_1_324' title='bbox 684 3981 711 4055; x_wconf 86' lang='lat' dir='ltr'>et</span> <span class='ocrx_word' id='word_1_325' title='bbox 728 3993 763 4053; x_wconf 90' lang='lat' dir='ltr'>de</span> <span class='ocrx_word' id='word_1_326' title='bbox 778 3992 921 4053; x_wconf 77' lang='lat' dir='ltr'>Falaverio</span> <span class='ocrx_word' id='word_1_327' title='bbox 935 3991 1023 4054; x_wconf 90' lang='lat' dir='ltr'>teneri</span> <span class='ocrx_word' id='word_1_328' title='bbox 1044 3989 1072 4051; x_wconf 92' lang='lat' dir='ltr'>in</span> <span class='ocrx_word' id='word_1_329' title='bbox 1088 3991 1201 4053; x_wconf 87' lang='lat' dir='ltr'>leudum</span> <span class='ocrx_word' id='word_1_330' title='bbox 1216 4013 1231 4053; x_wconf 93' lang='lat' dir='ltr'>a</span> <span class='ocrx_word' id='word_1_331' title='bbox 1249 3993 1345 4054; x_wconf 57' lang='lat' dir='ltr'>dome</span> <span class='ocrx_word' id='word_1_332' title='bbox 1451 4059 1452 4066; x_wconf 17' lang='lat' dir='ltr'>p</span> 
     </span>
    </p>
   </div>
   <div class='ocr_carea' id='block_1_4' title="bbox 252 4086 1331 4264">
    <p class='ocr_par' dir='ltr' id='par_1_8' title="bbox 252 4086 1331 4264">
     <span class='ocr_line' id='line_1_38' title="bbox 253 4086 1331 4168; baseline 0.003 -21"><span class='ocrx_word' id='word_1_333' title='bbox 253 4086 395 4168; x_wconf 87' lang='lat' dir='ltr'>dalphino,</span> <span class='ocrx_word' id='word_1_334' title='bbox 409 4102 438 4150; x_wconf 90' lang='lat' dir='ltr'>et</span> <span class='ocrx_word' id='word_1_335' title='bbox 452 4088 518 4151; x_wconf 91' lang='lat' dir='ltr'>dict.</span> <span class='ocrx_word' id='word_1_336' title='bbox 536 4102 655 4150; x_wconf 87' lang='lat' dir='ltr'>castrum</span> <span class='ocrx_word' id='word_1_337' title='bbox 666 4087 701 4151; x_wconf 91' lang='lat' dir='ltr'>de</span> <span class='ocrx_word' id='word_1_338' title='bbox 710 4088 833 4168; x_wconf 88' lang='lat' dir='ltr'>Septimo</span> <span class='ocrx_word' id='word_1_339' title='bbox 847 4088 931 4151; x_wconf 91' lang='lat' dir='ltr'>dabat</span> <span class='ocrx_word' id='word_1_340' title='bbox 943 4089 1015 4151; x_wconf 92' lang='lat' dir='ltr'>dicte</span> <span class='ocrx_word' id='word_1_341' title='bbox 1029 4088 1107 4151; x_wconf 77' lang='lat' dir='ltr'>dom·</span> <span class='ocrx_word' id='word_1_342' title='bbox 1122 4087 1256 4151; x_wconf 87' lang='lat' dir='ltr'>Beatrisie</span> <span class='ocrx_word' id='word_1_343' title='bbox 1269 4089 1331 4150; x_wconf 89' lang='lat' dir='ltr'>dal-</span> 
     </span>
     <span class='ocr_line' id='line_1_39' title="bbox 252 4182 1325 4264; baseline 0.005 -21"><span class='ocrx_word' id='word_1_344' title='bbox 252 4183 335 4264; x_wconf 91' lang='lat' dir='ltr'>phine</span> <span class='ocrx_word' id='word_1_345' title='bbox 349 4197 376 4245; x_wconf 90' lang='lat' dir='ltr'>et</span> <span class='ocrx_word' id='word_1_346' title='bbox 390 4183 449 4260; x_wconf 86' lang='lat' dir='ltr'>ejus</span> <span class='ocrx_word' id='word_1_347' title='bbox 461 4182 528 4258; x_wconf 87' lang='lat' dir='ltr'>lilio,</span> <span class='ocrx_word' id='word_1_348' title='bbox 545 4196 628 4262; x_wconf 91' lang='lat' dir='ltr'>prout</span> <span class='ocrx_word' id='word_1_349' title='bbox 642 4183 694 4245; x_wconf 94' lang='lat' dir='ltr'>hec</span> <span class='ocrx_word' id='word_1_350' title='bbox 710 4197 737 4245; x_wconf 91' lang='lat' dir='ltr'>et</span> <span class='ocrx_word' id='word_1_351' title='bbox 752 4184 830 4264; x_wconf 91' lang='lat' dir='ltr'>plura</span> <span class='ocrx_word' id='word_1_352' title='bbox 844 4184 896 4246; x_wconf 92' lang='lat' dir='ltr'>alia</span> <span class='ocrx_word' id='word_1_353' title='bbox 906 4184 935 4247; x_wconf 94' lang='lat' dir='ltr'>in</span> <span class='ocrx_word' id='word_1_354' title='bbox 945 4185 1011 4247; x_wconf 90' lang='lat' dir='ltr'>dict.</span> <span class='ocrx_word' id='word_1_355' title='bbox 1026 4185 1123 4247; x_wconf 85' lang='lat' dir='ltr'>litteris</span> <span class='ocrx_word' id='word_1_356' title='bbox 1137 4185 1325 4248; x_wconf 92' lang='lat' dir='ltr'>continentur.</span> 
     </span>
    </p>
   </div>
   <div class='ocr_carea' id='block_1_5' title="bbox 0 0 1472 4898">
    <p class='ocr_par' dir='ltr' id='par_1_9' title="bbox 0 0 1472 4898">
     <span class='ocr_line' id='line_1_40' title="bbox 0 0 1472 4898; baseline 0 1"><span class='ocrx_word' id='word_1_357' title='bbox 0 0 1472 4898; x_wconf 95' lang='lat' dir='ltr'> </span> 
     </span>
    </p>
   </div>
  </div>
 </body>
</html>
