<?xml version="1.0" encoding="UTF-8"?>
<!DOCTYPE html PUBLIC "-//W3C//DTD XHTML 1.0 Transitional//EN"
    "http://www.w3.org/TR/xhtml1/DTD/xhtml1-transitional.dtd">
<html xmlns="http://www.w3.org/1999/xhtml" xml:lang="en" lang="en">
 <head>
  <title>
</title>
<meta http-equiv="Content-Type" content="text/html;charset=utf-8" />
  <meta name='ocr-system' content='tesseract 3.04.00' />
  <meta name='ocr-capabilities' content='ocr_page ocr_carea ocr_par ocr_line ocrx_word'/>
</head>
<body>
  <div class='ocr_page' id='page_1' title='image "./inventairedesar00glgoog/inventairedesar00glgoog_0114.png"; bbox 0 0 2844 4900; ppageno 0'>
   <div class='ocr_carea' id='block_1_1' title="bbox 6 591 1138 4274">
    <p class='ocr_par' dir='ltr' id='par_1_1' title="bbox 6 591 1138 3498">
     <span class='ocr_line' id='line_1_1' title="bbox 6 591 1134 686; baseline 0.006 -26"><span class='ocrx_word' id='word_1_1' title='bbox 6 591 7 659; x_wconf 80' lang='lat' dir='ltr'>i</span> <span class='ocrx_word' id='word_1_2' title='bbox 81 601 216 682; x_wconf 78' lang='lat' dir='ltr'>uuigonem</span> <span class='ocrx_word' id='word_1_3' title='bbox 230 601 391 684; x_wconf 81' lang='lat' dir='ltr'><strong>dalphinum</strong></span> <span class='ocrx_word' id='word_1_4' title='bbox 404 603 601 679; x_wconf 87' lang='lat' dir='ltr'>Viennensem,</span> <span class='ocrx_word' id='word_1_5' title='bbox 619 621 669 684; x_wconf 88' lang='lat' dir='ltr'>per</span> <span class='ocrx_word' id='word_1_6' title='bbox 681 599 752 666; x_wconf 81' lang='lat' dir='ltr'>ditos</span> <span class='ocrx_word' id='word_1_7' title='bbox 779 603 863 684; x_wconf 80' lang='lat' dir='ltr'>Guig.</span> <span class='ocrx_word' id='word_1_8' title='bbox 890 605 995 686; x_wconf 83' lang='lat' dir='ltr'>Pagani</span> <span class='ocrx_word' id='word_1_9' title='bbox 1010 604 1134 686; x_wconf 89' lang='lat' dir='ltr'>militem,</span> 
     </span>
     <span class='ocr_line' id='line_1_2' title="bbox 6 695 1136 782; baseline 0.006 -24"><span class='ocrx_word' id='word_1_10' title='bbox 6 715 7 726; x_wconf 58' lang='lat'>¹</span> <span class='ocrx_word' id='word_1_11' title='bbox 82 695 168 760; x_wconf 86' lang='lat' dir='ltr'>Humb.</span> <span class='ocrx_word' id='word_1_12' title='bbox 183 696 325 760; x_wconf 87' lang='lat' dir='ltr'>dominum</span> <span class='ocrx_word' id='word_1_13' title='bbox 344 699 447 762; x_wconf 83' lang='lat' dir='ltr'>Montis</span> <span class='ocrx_word' id='word_1_14' title='bbox 458 698 595 781; x_wconf 86' lang='lat' dir='ltr'>Luppelli,</span> <span class='ocrx_word' id='word_1_15' title='bbox 609 698 691 760; x_wconf 87' lang='lat' dir='ltr'>Guill.</span> <span class='ocrx_word' id='word_1_16' title='bbox 704 699 740 760; x_wconf 92' lang='lat' dir='ltr'>de</span> <span class='ocrx_word' id='word_1_17' title='bbox 749 705 852 782; x_wconf 84' lang='lat' dir='ltr'>varey,</span> <span class='ocrx_word' id='word_1_18' title='bbox 862 700 924 763; x_wconf 83' lang='lat' dir='ltr'>ioh.</span> <span class='ocrx_word' id='word_1_19' title='bbox 938 700 973 763; x_wconf 88' lang='lat' dir='ltr'>de</span> <span class='ocrx_word' id='word_1_20' title='bbox 983 702 1136 765; x_wconf 85' lang='lat' dir='ltr'>Goncelino</span> 
     </span>
     <span class='ocr_line' id='line_1_3' title="bbox 81 793 1137 879; baseline 0.006 -23"><span class='ocrx_word' id='word_1_21' title='bbox 81 793 172 856; x_wconf 87' lang='lat' dir='ltr'>arbitris</span> <span class='ocrx_word' id='word_1_22' title='bbox 181 795 394 860; x_wconf 89' lang='lat' dir='ltr'>arbitratoribus</span> <span class='ocrx_word' id='word_1_23' title='bbox 409 811 438 860; x_wconf 92' lang='lat' dir='ltr'>et</span> <span class='ocrx_word' id='word_1_24' title='bbox 454 795 645 861; x_wconf 84' lang='lat' dir='ltr'>amicabilibus</span> <span class='ocrx_word' id='word_1_25' title='bbox 662 796 895 879; x_wconf 86' lang='lat' dir='ltr'>compositoribus</span> <span class='ocrx_word' id='word_1_26' title='bbox 910 798 981 862; x_wconf 90' lang='lat' dir='ltr'>datis</span> <span class='ocrx_word' id='word_1_27' title='bbox 998 813 1026 862; x_wconf 91' lang='lat' dir='ltr'>et</span> <span class='ocrx_word' id='word_1_28' title='bbox 1042 799 1137 863; x_wconf 88' lang='lat' dir='ltr'>electis</span> 
     </span>
     <span class='ocr_line' id='line_1_4' title="bbox 81 887 1137 976; baseline 0.005 -22"><span class='ocrx_word' id='word_1_29' title='bbox 81 893 108 955; x_wconf 91' lang='lat' dir='ltr'>ab</span> <span class='ocrx_word' id='word_1_30' title='bbox 120 887 180 956; x_wconf 63' lang='lat' dir='ltr'>illei</span> <span class='ocrx_word' id='word_1_31' title='bbox 193 893 259 956; x_wconf 86' lang='lat' dir='ltr'>viris</span> <span class='ocrx_word' id='word_1_32' title='bbox 276 893 453 976; x_wconf 87' lang='lat' dir='ltr'>supradictis,</span> <span class='ocrx_word' id='word_1_33' title='bbox 466 907 548 975; x_wconf 92' lang='lat' dir='ltr'>prout</span> <span class='ocrx_word' id='word_1_34' title='bbox 562 893 590 954; x_wconf 91' lang='lat' dir='ltr'>in</span> <span class='ocrx_word' id='word_1_35' title='bbox 603 893 692 956; x_wconf 88' lang='lat' dir='ltr'>littera</span> <span class='ocrx_word' id='word_1_36' title='bbox 705 913 789 974; x_wconf 89' lang='lat' dir='ltr'>supra</span> <span class='ocrx_word' id='word_1_37' title='bbox 805 894 908 976; x_wconf 85' lang='lat' dir='ltr'>scripta</span> <span class='ocrx_word' id='word_1_38' title='bbox 928 895 1037 976; x_wconf 85' lang='lat' dir='ltr'>plenius</span> <span class='ocrx_word' id='word_1_39' title='bbox 1065 915 1137 959; x_wconf 92' lang='lat' dir='ltr'>con-</span> 
     </span>
     <span class='ocr_line' id='line_1_5' title="bbox 80 989 1137 1073; baseline 0.005 -23"><span class='ocrx_word' id='word_1_40' title='bbox 80 989 183 1070; x_wconf 82' lang='lat' dir='ltr'>tinetur3</span> <span class='ocrx_word' id='word_1_41' title='bbox 199 991 245 1073; x_wconf 93' lang='lat' dir='ltr'>qui</span> <span class='ocrx_word' id='word_1_42' title='bbox 259 991 324 1053; x_wconf 87' lang='lat' dir='ltr'>dicti</span> <span class='ocrx_word' id='word_1_43' title='bbox 334 990 384 1052; x_wconf 92' lang='lat' dir='ltr'>dd.</span> <span class='ocrx_word' id='word_1_44' title='bbox 399 989 506 1066; x_wconf 81' lang='lat' dir='ltr'>arbitri,</span> <span class='ocrx_word' id='word_1_45' title='bbox 522 1003 652 1072; x_wconf 85' lang='lat' dir='ltr'>presente</span> <span class='ocrx_word' id='word_1_46' title='bbox 665 990 702 1051; x_wconf 82' lang='lat' dir='ltr'>ill</span> <span class='ocrx_word' id='word_1_47' title='bbox 715 989 840 1072; x_wconf 89' lang='lat' dir='ltr'>principe</span> <span class='ocrx_word' id='word_1_48' title='bbox 853 991 930 1054; x_wconf 92' lang='lat' dir='ltr'>dom.</span> <span class='ocrx_word' id='word_1_49' title='bbox 943 998 1027 1055; x_wconf 84' lang='lat' dir='ltr'>Petro</span> <span class='ocrx_word' id='word_1_50' title='bbox 1035 994 1137 1057; x_wconf 91' lang='lat' dir='ltr'>comite</span> 
     </span>
     <span class='ocr_line' id='line_1_6' title="bbox 81 1086 1137 1168; baseline 0.007 -21"><span class='ocrx_word' id='word_1_51' title='bbox 81 1088 198 1150; x_wconf 82' lang='lat' dir='ltr'>sabaudie</span> <span class='ocrx_word' id='word_1_52' title='bbox 213 1101 241 1150; x_wconf 90' lang='lat' dir='ltr'>et</span> <span class='ocrx_word' id='word_1_53' title='bbox 253 1087 478 1165; x_wconf 89' lang='lat' dir='ltr'>conscenciente,</span> <span class='ocrx_word' id='word_1_54' title='bbox 491 1087 629 1161; x_wconf 84' lang='lat' dir='ltr'>dixerunt,</span> <span class='ocrx_word' id='word_1_55' title='bbox 642 1086 897 1168; x_wconf 89' lang='lat' dir='ltr'>pronunciaverunt</span> <span class='ocrx_word' id='word_1_56' title='bbox 904 1101 932 1151; x_wconf 94' lang='lat' dir='ltr'>et</span> <span class='ocrx_word' id='word_1_57' title='bbox 938 1089 1137 1155; x_wconf 86' lang='lat' dir='ltr'>ordinaverunt</span> 
     </span>
     <span class='ocr_line' id='line_1_7' title="bbox 80 1183 1134 1270; baseline 0.008 -26"><span class='ocrx_word' id='word_1_58' title='bbox 80 1183 151 1246; x_wconf 80' lang='lat' dir='ltr'>dictas</span> <span class='ocrx_word' id='word_1_59' title='bbox 162 1197 254 1265; x_wconf 92' lang='lat' dir='ltr'>partes</span> <span class='ocrx_word' id='word_1_60' title='bbox 277 1183 457 1247; x_wconf 80' lang='lat' dir='ltr'>amicabiliter</span> <span class='ocrx_word' id='word_1_61' title='bbox 479 1184 675 1266; x_wconf 89' lang='lat' dir='ltr'>componendo</span> <span class='ocrx_word' id='word_1_62' title='bbox 694 1183 723 1245; x_wconf 94' lang='lat' dir='ltr'>in</span> <span class='ocrx_word' id='word_1_63' title='bbox 738 1184 812 1247; x_wconf 92' lang='lat' dir='ltr'>hunc</span> <span class='ocrx_word' id='word_1_64' title='bbox 826 1185 939 1248; x_wconf 90' lang='lat' dir='ltr'>modurn</span> <span class='ocrx_word' id='word_1_65' title='bbox 956 1207 963 1248; x_wconf 91' lang='lat'><strong>:</strong></span> <span class='ocrx_word' id='word_1_66' title='bbox 983 1187 1134 1270; x_wconf 90' lang='lat' dir='ltr'>inprimis,</span> 
     </span>
     <span class='ocr_line' id='line_1_8' title="bbox 79 1280 1136 1364; baseline 0.008 -22"><span class='ocrx_word' id='word_1_67' title='bbox 79 1281 170 1363; x_wconf 91' lang='lat' dir='ltr'>quodsi</span> <span class='ocrx_word' id='word_1_68' title='bbox 182 1281 299 1362; x_wconf 88' lang='lat' dir='ltr'>predicti</span> <span class='ocrx_word' id='word_1_69' title='bbox 314 1281 391 1344; x_wconf 89' lang='lat' dir='ltr'>dom.</span> <span class='ocrx_word' id='word_1_70' title='bbox 407 1280 512 1344; x_wconf 90' lang='lat' dir='ltr'>electus</span> <span class='ocrx_word' id='word_1_71' title='bbox 529 1294 557 1344; x_wconf 91' lang='lat' dir='ltr'>et</span> <span class='ocrx_word' id='word_1_72' title='bbox 569 1281 715 1362; x_wconf 91' lang='lat' dir='ltr'>dalpbinus</span> <span class='ocrx_word' id='word_1_73' title='bbox 731 1281 842 1364; x_wconf 89' lang='lat' dir='ltr'>aliquod</span> <span class='ocrx_word' id='word_1_74' title='bbox 870 1282 974 1349; x_wconf 91' lang='lat' dir='ltr'>habent</span> <span class='ocrx_word' id='word_1_75' title='bbox 990 1285 1084 1349; x_wconf 92' lang='lat' dir='ltr'>odium</span> <span class='ocrx_word' id='word_1_76' title='bbox 1100 1288 1136 1350; x_wconf 89' lang='lat' dir='ltr'>ad</span> 
     </span>
     <span class='ocr_line' id='line_1_9' title="bbox 78 1376 1136 1463; baseline 0.01 -27"><span class='ocrx_word' id='word_1_77' title='bbox 78 1376 177 1438; x_wconf 90' lang='lat' dir='ltr'>invicem</span> <span class='ocrx_word' id='word_1_78' title='bbox 192 1377 305 1439; x_wconf 88' lang='lat' dir='ltr'>rarione</span> <span class='ocrx_word' id='word_1_79' title='bbox 319 1377 438 1457; x_wconf 89' lang='lat' dir='ltr'>predict.</span> <span class='ocrx_word' id='word_1_80' title='bbox 451 1378 637 1460; x_wconf 88' lang='lat' dir='ltr'>questionum,</span> <span class='ocrx_word' id='word_1_81' title='bbox 649 1397 701 1459; x_wconf 91' lang='lat' dir='ltr'>pro</span> <span class='ocrx_word' id='word_1_82' title='bbox 712 1379 838 1441; x_wconf 82' lang='lat' dir='ltr'>seersuis</span> <span class='ocrx_word' id='word_1_83' title='bbox 847 1379 1009 1445; x_wconf 82' lang='lat' dir='ltr'>valitoribus</span> <span class='ocrx_word' id='word_1_84' title='bbox 1018 1383 1136 1463; x_wconf 82' lang='lat' dir='ltr'>jurendo</span> 
     </span>
     <span class='ocr_line' id='line_1_10' title="bbox 79 1473 1137 1556; baseline 0.009 -20"><span class='ocrx_word' id='word_1_85' title='bbox 79 1473 140 1555; x_wconf 81' lang='lat' dir='ltr'>pacis</span> <span class='ocrx_word' id='word_1_86' title='bbox 150 1473 267 1538; x_wconf 84' lang='lat' dir='ltr'>inuicem</span> <span class='ocrx_word' id='word_1_87' title='bbox 288 1473 384 1540; x_wconf 82' lang='lat' dir='ltr'>federa</span> <span class='ocrx_word' id='word_1_88' title='bbox 395 1475 517 1539; x_wconf 86' lang='lat' dir='ltr'>totaliter</span> <span class='ocrx_word' id='word_1_89' title='bbox 530 1475 676 1540; x_wconf 87' lang='lat' dir='ltr'>remictant</span> <span class='ocrx_word' id='word_1_90' title='bbox 688 1496 698 1556; x_wconf 82' lang='lat'>3</span> <span class='ocrx_word' id='word_1_91' title='bbox 711 1478 859 1540; x_wconf 89' lang='lat' dir='ltr'>voluerunt</span> <span class='ocrx_word' id='word_1_92' title='bbox 873 1478 960 1541; x_wconf 90' lang='lat' dir='ltr'>eciam</span> <span class='ocrx_word' id='word_1_93' title='bbox 980 1494 1007 1543; x_wconf 92' lang='lat' dir='ltr'>et</span> <span class='ocrx_word' id='word_1_94' title='bbox 1020 1481 1137 1546; x_wconf 91' lang='lat' dir='ltr'>ordina-</span> 
     </span>
     <span class='ocr_line' id='line_1_11' title="bbox 79 1571 1136 1660; baseline 0.007 -27"><span class='ocrx_word' id='word_1_95' title='bbox 79 1573 162 1635; x_wconf 84' lang='lat' dir='ltr'>rerudt</span> <span class='ocrx_word' id='word_1_96' title='bbox 173 1573 248 1656; x_wconf 92' lang='lat' dir='ltr'>quod</span> <span class='ocrx_word' id='word_1_97' title='bbox 263 1572 407 1655; x_wconf 90' lang='lat' dir='ltr'>predictus</span> <span class='ocrx_word' id='word_1_98' title='bbox 430 1574 507 1637; x_wconf 89' lang='lat' dir='ltr'>dom.</span> <span class='ocrx_word' id='word_1_99' title='bbox 524 1571 671 1656; x_wconf 86' lang='lat' dir='ltr'>dalphinus</span> <span class='ocrx_word' id='word_1_100' title='bbox 692 1595 775 1637; x_wconf 92' lang='lat' dir='ltr'>omne</span> <span class='ocrx_word' id='word_1_101' title='bbox 798 1575 890 1655; x_wconf 86' lang='lat' dir='ltr'>juset</span> <span class='ocrx_word' id='word_1_102' title='bbox 917 1576 1055 1640; x_wconf 89' lang='lat' dir='ltr'>actionem</span> <span class='ocrx_word' id='word_1_103' title='bbox 1081 1597 1136 1660; x_wconf 90' lang='lat' dir='ltr'>que</span> 
     </span>
     <span class='ocr_line' id='line_1_12' title="bbox 80 1668 1136 1754; baseline 0.009 -26"><span class='ocrx_word' id='word_1_104' title='bbox 80 1668 119 1730; x_wconf 89' lang='lat' dir='ltr'>sibi</span> <span class='ocrx_word' id='word_1_105' title='bbox 134 1684 293 1752; x_wconf 91' lang='lat' dir='ltr'>competunt</span> <span class='ocrx_word' id='word_1_106' title='bbox 315 1671 344 1734; x_wconf 90' lang='lat' dir='ltr'>in</span> <span class='ocrx_word' id='word_1_107' title='bbox 359 1686 450 1734; x_wconf 90' lang='lat' dir='ltr'>castro</span> <span class='ocrx_word' id='word_1_108' title='bbox 470 1685 499 1735; x_wconf 90' lang='lat' dir='ltr'>et</span> <span class='ocrx_word' id='word_1_109' title='bbox 520 1672 715 1735; x_wconf 88' lang='lat' dir='ltr'>mandamento</span> <span class='ocrx_word' id='word_1_110' title='bbox 741 1671 776 1734; x_wconf 93' lang='lat' dir='ltr'>de</span> <span class='ocrx_word' id='word_1_111' title='bbox 796 1679 927 1754; x_wconf 91' lang='lat' dir='ltr'>Septemo</span> <span class='ocrx_word' id='word_1_112' title='bbox 953 1689 1001 1736; x_wconf 93' lang='lat' dir='ltr'>aut</span> <span class='ocrx_word' id='word_1_113' title='bbox 1017 1674 1081 1736; x_wconf 89' lang='lat' dir='ltr'>villa</span> <span class='ocrx_word' id='word_1_114' title='bbox 1101 1674 1136 1738; x_wconf 92' lang='lat' dir='ltr'>de</span> 
     </span>
     <span class='ocr_line' id='line_1_13' title="bbox 81 1768 1137 1852; baseline 0.008 -25"><span class='ocrx_word' id='word_1_115' title='bbox 81 1768 229 1845; x_wconf 83' lang='lat' dir='ltr'>sperenchia</span> <span class='ocrx_word' id='word_1_116' title='bbox 250 1786 283 1830; x_wconf 92' lang='lat' dir='ltr'>ac</span> <span class='ocrx_word' id='word_1_117' title='bbox 300 1769 472 1850; x_wconf 89' lang='lat' dir='ltr'>pertinentiis</span> <span class='ocrx_word' id='word_1_118' title='bbox 484 1769 606 1851; x_wconf 90' lang='lat' dir='ltr'>ipsarum</span> <span class='ocrx_word' id='word_1_119' title='bbox 621 1770 720 1852; x_wconf 91' lang='lat' dir='ltr'>quittet</span> <span class='ocrx_word' id='word_1_120' title='bbox 734 1783 762 1832; x_wconf 91' lang='lat' dir='ltr'>et</span> <span class='ocrx_word' id='word_1_121' title='bbox 783 1770 904 1833; x_wconf 88' lang='lat' dir='ltr'>totaliter</span> <span class='ocrx_word' id='word_1_122' title='bbox 920 1772 1041 1838; x_wconf 73' lang='lat' dir='ltr'>renudat</span> <span class='ocrx_word' id='word_1_123' title='bbox 1062 1773 1137 1835; x_wconf 92' lang='lat' dir='ltr'>dicto</span> 
     </span>
     <span class='ocr_line' id='line_1_14' title="bbox 80 1861 1138 1945; baseline 0.009 -23"><span class='ocrx_word' id='word_1_124' title='bbox 80 1861 139 1925; x_wconf 86' lang='lat' dir='ltr'>dom.</span> <span class='ocrx_word' id='word_1_125' title='bbox 152 1865 414 1945; x_wconf 79' lang='lat' dir='ltr'>electoeteiusdem</span> <span class='ocrx_word' id='word_1_126' title='bbox 431 1865 654 1944; x_wconf 75' lang='lat' dir='ltr'>successoribus,</span> <span class='ocrx_word' id='word_1_127' title='bbox 681 1879 709 1928; x_wconf 92' lang='lat' dir='ltr'>et</span> <span class='ocrx_word' id='word_1_128' title='bbox 738 1866 887 1930; x_wconf 88' lang='lat' dir='ltr'>voluerunt</span> <span class='ocrx_word' id='word_1_129' title='bbox 913 1879 942 1929; x_wconf 89' lang='lat' dir='ltr'>et</span> <span class='ocrx_word' id='word_1_130' title='bbox 969 1866 1138 1932; x_wconf 82' lang='lat' dir='ltr'>diffinierunt</span> 
     </span>
     <span class='ocr_line' id='line_1_15' title="bbox 80 1961 1137 2044; baseline 0.008 -24"><span class='ocrx_word' id='word_1_131' title='bbox 80 1961 137 2039; x_wconf 79' lang='lat' dir='ltr'>quo&#39;d</span> <span class='ocrx_word' id='word_1_132' title='bbox 150 1961 177 2023; x_wconf 91' lang='lat' dir='ltr'>in</span> <span class='ocrx_word' id='word_1_133' title='bbox 191 1962 483 2043; x_wconf 91' lang='lat' dir='ltr'>recompensacionem</span> <span class='ocrx_word' id='word_1_134' title='bbox 497 1962 655 2025; x_wconf 91' lang='lat' dir='ltr'>remicionis</span> <span class='ocrx_word' id='word_1_135' title='bbox 677 1961 812 2044; x_wconf 89' lang='lat' dir='ltr'>predicte,</span> <span class='ocrx_word' id='word_1_136' title='bbox 831 1961 921 2026; x_wconf 91' lang='lat' dir='ltr'>dictus</span> <span class='ocrx_word' id='word_1_137' title='bbox 938 1963 1137 2028; x_wconf 92' lang='lat' dir='ltr'>dom.·electus</span> 
     </span>
     <span class='ocr_line' id='line_1_16' title="bbox 80 2055 1138 2140; baseline 0.009 -25"><span class='ocrx_word' id='word_1_138' title='bbox 80 2055 116 2118; x_wconf 91' lang='lat' dir='ltr'>det</span> <span class='ocrx_word' id='word_1_139' title='bbox 124 2057 148 2120; x_wconf 90' lang='lat' dir='ltr'>e&#39;t</span> <span class='ocrx_word' id='word_1_140' title='bbox 157 2059 280 2140; x_wconf 85' lang='lat' dir='ltr'>assignet</span> <span class='ocrx_word' id='word_1_141' title='bbox 291 2059 319 2121; x_wconf 93' lang='lat' dir='ltr'>in</span> <span class='ocrx_word' id='word_1_142' title='bbox 329 2059 442 2121; x_wconf 88' lang='lat' dir='ltr'>feudum</span> <span class='ocrx_word' id='word_1_143' title='bbox 455 2059 526 2122; x_wconf 89' lang='lat' dir='ltr'>infra</span> <span class='ocrx_word' id='word_1_144' title='bbox 541 2080 624 2123; x_wconf 93' lang='lat' dir='ltr'>unum</span> <span class='ocrx_word' id='word_1_145' title='bbox 639 2079 741 2121; x_wconf 91' lang='lat' dir='ltr'>annum</span> <span class='ocrx_word' id='word_1_146' title='bbox 755 2079 771 2121; x_wconf 89' lang='lat' dir='ltr'>a</span> <span class='ocrx_word' id='word_1_147' title='bbox 792 2060 864 2122; x_wconf 80' lang='lat' dir='ltr'>festo</span> <span class='ocrx_word' id='word_1_148' title='bbox 877 2061 1006 2122; x_wconf 91' lang='lat' dir='ltr'>Omnium</span> <span class='ocrx_word' id='word_1_149' title='bbox 1022 2067 1138 2125; x_wconf 88' lang='lat' dir='ltr'>Sancto-</span> 
     </span>
     <span class='ocr_line' id='line_1_17' title="bbox 80 2153 1136 2238; baseline 0.008 -26"><span class='ocrx_word' id='word_1_150' title='bbox 80 2171 127 2213; x_wconf 91' lang='lat' dir='ltr'>mm</span> <span class='ocrx_word' id='word_1_151' title='bbox 153 2175 233 2217; x_wconf 91' lang='lat' dir='ltr'>unam</span> <span class='ocrx_word' id='word_1_152' title='bbox 259 2153 372 2217; x_wconf 90' lang='lat' dir='ltr'>domum</span> <span class='ocrx_word' id='word_1_153' title='bbox 403 2155 537 2220; x_wconf 82' lang='lat' dir='ltr'>fortalicie</span> <span class='ocrx_word' id='word_1_154' title='bbox 562 2155 754 2237; x_wconf 75' lang='lat' dir='ltr'>acquirendam</span> <span class='ocrx_word' id='word_1_155' title='bbox 768 2155 813 2217; x_wconf 89' lang='lat' dir='ltr'>vel</span> <span class='ocrx_word' id='word_1_156' title='bbox 839 2157 1001 2238; x_wconf 84' lang='lat' dir='ltr'>acquisitam</span> <span class='ocrx_word' id='word_1_157' title='bbox 1014 2171 1043 2220; x_wconf 92' lang='lat' dir='ltr'>et</span> <span class='ocrx_word' id='word_1_158' title='bbox 1057 2157 1136 2220; x_wconf 90' lang='lat' dir='ltr'>sitam</span> 
     </span>
     <span class='ocr_line' id='line_1_18' title="bbox 78 2249 1135 2334; baseline 0.009 -26"><span class='ocrx_word' id='word_1_159' title='bbox 78 2249 134 2311; x_wconf 83' lang='lat' dir='ltr'>inter</span> <span class='ocrx_word' id='word_1_160' title='bbox 144 2252 285 2315; x_wconf 84' lang='lat' dir='ltr'>Rodanum</span> <span class='ocrx_word' id='word_1_161' title='bbox 300 2265 328 2316; x_wconf 88' lang='lat' dir='ltr'>et</span> <span class='ocrx_word' id='word_1_162' title='bbox 342 2259 467 2327; x_wconf 84' lang='lat' dir='ltr'>Yseram,</span> <span class='ocrx_word' id='word_1_163' title='bbox 478 2253 555 2331; x_wconf 81' lang='lat' dir='ltr'>cujus</span> <span class='ocrx_word' id='word_1_164' title='bbox 577 2253 676 2316; x_wconf 91' lang='lat' dir='ltr'>domus</span> <span class='ocrx_word' id='word_1_165' title='bbox 688 2251 854 2334; x_wconf 89' lang='lat' dir='ltr'>pertinentia</span> <span class='ocrx_word' id='word_1_166' title='bbox 882 2253 994 2316; x_wconf 88' lang='lat' dir='ltr'>valeant</span> <span class='ocrx_word' id='word_1_167' title='bbox 1019 2269 1135 2320; x_wconf 89' lang='lat' dir='ltr'>centum</span> 
     </span>
     <span class='ocr_line' id='line_1_19' title="bbox 78 2345 1137 2433; baseline 0.014 -29"><span class='ocrx_word' id='word_1_168' title='bbox 78 2345 145 2409; x_wconf 80' lang='lat' dir='ltr'>libras</span> <span class='ocrx_word' id='word_1_169' title='bbox 168 2349 302 2412; x_wconf 88' lang='lat' dir='ltr'>viennen.</span> <span class='ocrx_word' id='word_1_170' title='bbox 327 2351 479 2428; x_wconf 87' lang='lat' dir='ltr'>annuatim,</span> <span class='ocrx_word' id='word_1_171' title='bbox 504 2363 532 2413; x_wconf 91' lang='lat' dir='ltr'>et</span> <span class='ocrx_word' id='word_1_172' title='bbox 555 2350 668 2414; x_wconf 88' lang='lat' dir='ltr'>feudum</span> <span class='ocrx_word' id='word_1_173' title='bbox 697 2350 771 2413; x_wconf 91' lang='lat' dir='ltr'>dicte</span> <span class='ocrx_word' id='word_1_174' title='bbox 801 2349 901 2412; x_wconf 88' lang='lat' dir='ltr'>domus</span> <span class='ocrx_word' id='word_1_175' title='bbox 918 2364 947 2414; x_wconf 89' lang='lat' dir='ltr'>et</span> <span class='ocrx_word' id='word_1_176' title='bbox 972 2353 1137 2433; x_wconf 86' lang='lat' dir='ltr'>pertinentia</span> 
     </span>
     <span class='ocr_line' id='line_1_20' title="bbox 79 2443 1138 2529; baseline 0.013 -26"><span class='ocrx_word' id='word_1_177' title='bbox 79 2459 149 2520; x_wconf 82' lang='lat' dir='ltr'>peries</span> <span class='ocrx_word' id='word_1_178' title='bbox 160 2443 262 2507; x_wconf 91' lang='lat' dir='ltr'>dictum</span> <span class='ocrx_word' id='word_1_179' title='bbox 279 2445 355 2508; x_wconf 90' lang='lat' dir='ltr'>dom.</span> <span class='ocrx_word' id='word_1_180' title='bbox 381 2445 541 2528; x_wconf 85' lang='lat' dir='ltr'>dalphinum</span> <span class='ocrx_word' id='word_1_181' title='bbox 555 2461 698 2510; x_wconf 83' lang='lat' dir='ltr'>remaneat</span> <span class='ocrx_word' id='word_1_182' title='bbox 711 2461 739 2510; x_wconf 91' lang='lat' dir='ltr'>et</span> <span class='ocrx_word' id='word_1_183' title='bbox 753 2466 929 2510; x_wconf 87' lang='lat' dir='ltr'>successores</span> <span class='ocrx_word' id='word_1_184' title='bbox 951 2449 1086 2529; x_wconf 82' lang='lat' dir='ltr'>ejusdem,</span> <span class='ocrx_word' id='word_1_185' title='bbox 1108 2466 1138 2517; x_wconf 87' lang='lat' dir='ltr'>et</span> 
     </span>
     <span class='ocr_line' id='line_1_21' title="bbox 80 2539 1137 2631; baseline 0.012 -30"><span class='ocrx_word' id='word_1_186' title='bbox 80 2539 139 2618; x_wconf 87' lang='lat' dir='ltr'>quod</span> <span class='ocrx_word' id='word_1_187' title='bbox 152 2541 278 2605; x_wconf 39' lang='lat' dir='ltr'>sindictus</span> <span class='ocrx_word' id='word_1_188' title='bbox 289 2542 365 2606; x_wconf 92' lang='lat' dir='ltr'>dom.</span> <span class='ocrx_word' id='word_1_189' title='bbox 377 2543 523 2626; x_wconf 91' lang='lat' dir='ltr'>dalphinus</span> <span class='ocrx_word' id='word_1_190' title='bbox 538 2545 641 2608; x_wconf 91' lang='lat' dir='ltr'>dictum</span> <span class='ocrx_word' id='word_1_191' title='bbox 654 2546 767 2608; x_wconf 82' lang='lat' dir='ltr'>feudum</span> <span class='ocrx_word' id='word_1_192' title='bbox 781 2545 908 2628; x_wconf 83' lang='lat' dir='ltr'>aquirere</span> <span class='ocrx_word' id='word_1_193' title='bbox 916 2546 1036 2610; x_wconf 88' lang='lat' dir='ltr'>voluerit</span> <span class='ocrx_word' id='word_1_194' title='bbox 1049 2569 1137 2631; x_wconf 92' lang='lat' dir='ltr'>usque</span> 
     </span>
     <span class='ocr_line' id='line_1_22' title="bbox 79 2636 1138 2728; baseline 0.011 -31"><span class='ocrx_word' id='word_1_195' title='bbox 79 2636 106 2696; x_wconf 88' lang='lat' dir='ltr'>ad</span> <span class='ocrx_word' id='word_1_196' title='bbox 120 2639 180 2702; x_wconf 88' lang='lat' dir='ltr'>dict.</span> <span class='ocrx_word' id='word_1_197' title='bbox 195 2653 317 2722; x_wconf 90' lang='lat' dir='ltr'>tempus,</span> <span class='ocrx_word' id='word_1_198' title='bbox 341 2642 431 2704; x_wconf 88' lang='lat' dir='ltr'>dictus</span> <span class='ocrx_word' id='word_1_199' title='bbox 444 2642 520 2705; x_wconf 92' lang='lat' dir='ltr'>dom.</span> <span class='ocrx_word' id='word_1_200' title='bbox 551 2644 656 2705; x_wconf 90' lang='lat' dir='ltr'>electus</span> <span class='ocrx_word' id='word_1_201' title='bbox 681 2656 810 2706; x_wconf 89' lang='lat' dir='ltr'>teneatur</span> <span class='ocrx_word' id='word_1_202' title='bbox 826 2641 915 2705; x_wconf 88' lang='lat' dir='ltr'>eidem</span> <span class='ocrx_word' id='word_1_203' title='bbox 937 2644 1045 2708; x_wconf 91' lang='lat' dir='ltr'>solvere</span> <span class='ocrx_word' id='word_1_204' title='bbox 1059 2645 1138 2728; x_wconf 93' lang='lat' dir='ltr'>quin·</span> 
     </span>
     <span class='ocr_line' id='line_1_23' title="bbox 78 2729 1138 2824; baseline 0.008 -27"><span class='ocrx_word' id='word_1_205' title='bbox 78 2729 401 2811; x_wconf 61' lang='lat' dir='ltr'>praetereuntium.</span> <span class='ocrx_word' id='word_1_206' title='bbox 420 2758 428 2799; x_wconf 79' lang='lat' dir='ltr'><em>z</em></span> <span class='ocrx_word' id='word_1_207' title='bbox 444 2739 519 2820; x_wconf 91' lang='lat' dir='ltr'>quod</span> <span class='ocrx_word' id='word_1_208' title='bbox 539 2738 562 2800; x_wconf 91' lang='lat' dir='ltr'>si</span> <span class='ocrx_word' id='word_1_209' title='bbox 576 2759 635 2801; x_wconf 91' lang='lat' dir='ltr'>non</span> <span class='ocrx_word' id='word_1_210' title='bbox 648 2739 764 2814; x_wconf 86' lang='lat' dir='ltr'>laceret,</span> <span class='ocrx_word' id='word_1_211' title='bbox 789 2753 918 2802; x_wconf 91' lang='lat' dir='ltr'>teneatur</span> <span class='ocrx_word' id='word_1_212' title='bbox 942 2741 1035 2805; x_wconf 88' lang='lat' dir='ltr'>lacere</span> <span class='ocrx_word' id='word_1_213' title='bbox 1052 2757 1138 2824; x_wconf 92' lang='lat' dir='ltr'>prout</span> 
     </span>
     <span class='ocr_line' id='line_1_24' title="bbox 78 2832 1136 2922; baseline 0.01 -30"><span class='ocrx_word' id='word_1_214' title='bbox 78 2847 146 2912; x_wconf 78' lang='lat' dir='ltr'>supra</span> <span class='ocrx_word' id='word_1_215' title='bbox 165 2834 297 2915; x_wconf 88' lang='lat' dir='ltr'>scriptum</span> <span class='ocrx_word' id='word_1_216' title='bbox 311 2847 353 2896; x_wconf 90' lang='lat' dir='ltr'>est</span> <span class='ocrx_word' id='word_1_217' title='bbox 366 2854 375 2912; x_wconf 88' lang='lat'>;</span> <span class='ocrx_word' id='word_1_218' title='bbox 390 2834 456 2897; x_wconf 90' lang='lat' dir='ltr'>item</span> <span class='ocrx_word' id='word_1_219' title='bbox 470 2832 630 2913; x_wconf 82' lang='lat' dir='ltr'>voluerunt,</span> <span class='ocrx_word' id='word_1_220' title='bbox 640 2834 810 2898; x_wconf 86' lang='lat' dir='ltr'>diffinierunt</span> <span class='ocrx_word' id='word_1_221' title='bbox 816 2849 844 2898; x_wconf 92' lang='lat' dir='ltr'>et</span> <span class='ocrx_word' id='word_1_222' title='bbox 851 2837 1050 2903; x_wconf 89' lang='lat' dir='ltr'>ordinaverunt</span> <span class='ocrx_word' id='word_1_223' title='bbox 1061 2840 1136 2922; x_wconf 91' lang='lat' dir='ltr'>quod</span> 
     </span>
     <span class='ocr_line' id='line_1_25' title="bbox 78 2923 1138 3017; baseline 0.009 -28"><span class='ocrx_word' id='word_1_224' title='bbox 78 2923 153 2992; x_wconf 89' lang='lat' dir='ltr'>dictus</span> <span class='ocrx_word' id='word_1_225' title='bbox 165 2931 238 2994; x_wconf 92' lang='lat' dir='ltr'>dom.</span> <span class='ocrx_word' id='word_1_226' title='bbox 255 2931 360 2995; x_wconf 89' lang='lat' dir='ltr'>electus</span> <span class='ocrx_word' id='word_1_227' title='bbox 375 2932 449 2995; x_wconf 88' lang='lat' dir='ltr'>bona</span> <span class='ocrx_word' id='word_1_228' title='bbox 462 2929 518 2994; x_wconf 82' lang='lat' dir='ltr'>fide</span> <span class='ocrx_word' id='word_1_229' title='bbox 542 2949 672 3014; x_wconf 90' lang='lat' dir='ltr'>procuret</span> <span class='ocrx_word' id='word_1_230' title='bbox 687 2947 771 3014; x_wconf 93' lang='lat' dir='ltr'>prout</span> <span class='ocrx_word' id='word_1_231' title='bbox 791 2935 887 2998; x_wconf 89' lang='lat' dir='ltr'>melius</span> <span class='ocrx_word' id='word_1_232' title='bbox 904 2935 1006 3016; x_wconf 91' lang='lat' dir='ltr'>poterit</span> <span class='ocrx_word' id='word_1_233' title='bbox 1021 2936 1138 3017; x_wconf 92' lang='lat' dir='ltr'>qualiter</span> 
     </span>
     <span class='ocr_line' id='line_1_26' title="bbox 77 3023 1133 3112; baseline 0.009 -27"><span class='ocrx_word' id='word_1_234' title='bbox 77 3023 182 3091; x_wconf 89' lang='lat' dir='ltr'>decanus</span> <span class='ocrx_word' id='word_1_235' title='bbox 204 3043 231 3092; x_wconf 89' lang='lat' dir='ltr'>et</span> <span class='ocrx_word' id='word_1_236' title='bbox 249 3025 398 3110; x_wconf 87' lang='lat' dir='ltr'>&#39;capitulum</span> <span class='ocrx_word' id='word_1_237' title='bbox 421 3030 601 3110; x_wconf 85' lang='lat' dir='ltr'>Lugdunens.</span> <span class='ocrx_word' id='word_1_238' title='bbox 629 3029 727 3111; x_wconf 91' lang='lat' dir='ltr'>quittet</span> <span class='ocrx_word' id='word_1_239' title='bbox 740 3043 769 3092; x_wconf 88' lang='lat' dir='ltr'>et</span> <span class='ocrx_word' id='word_1_240' title='bbox 786 3031 906 3094; x_wconf 86' lang='lat' dir='ltr'>remittat</span> <span class='ocrx_word' id='word_1_241' title='bbox 919 3031 1046 3112; x_wconf 89' lang='lat' dir='ltr'>predicto</span> <span class='ocrx_word' id='word_1_242' title='bbox 1058 3027 1133 3094; x_wconf 87' lang='lat' dir='ltr'>dom.</span> 
     </span>
     <span class='ocr_line' id='line_1_27' title="bbox 76 3119 1137 3209; baseline 0.009 -28"><span class='ocrx_word' id='word_1_243' title='bbox 76 3119 190 3203; x_wconf 79' lang='lat' dir='ltr'>delphino</span> <span class='ocrx_word' id='word_1_244' title='bbox 213 3145 311 3188; x_wconf 90' lang='lat' dir='ltr'>omnes</span> <span class='ocrx_word' id='word_1_245' title='bbox 332 3125 385 3204; x_wconf 79' lang='lat' dir='ltr'>ius,</span> <span class='ocrx_word' id='word_1_246' title='bbox 407 3126 547 3206; x_wconf 88' lang='lat' dir='ltr'>querelam</span> <span class='ocrx_word' id='word_1_247' title='bbox 574 3139 602 3189; x_wconf 89' lang='lat' dir='ltr'>et</span> <span class='ocrx_word' id='word_1_248' title='bbox 626 3126 763 3188; x_wconf 88' lang='lat' dir='ltr'>actionem</span> <span class='ocrx_word' id='word_1_249' title='bbox 788 3147 842 3208; x_wconf 94' lang='lat' dir='ltr'>que</span> <span class='ocrx_word' id='word_1_250' title='bbox 862 3127 913 3190; x_wconf 89' lang='lat' dir='ltr'>sibi</span> <span class='ocrx_word' id='word_1_251' title='bbox 928 3140 1092 3209; x_wconf 89' lang='lat' dir='ltr'>competunt</span> <span class='ocrx_word' id='word_1_252' title='bbox 1108 3142 1137 3191; x_wconf 94' lang='lat' dir='ltr'>et</span> 
     </span>
     <span class='ocr_line' id='line_1_28' title="bbox 76 3221 1136 3306; baseline 0.008 -28"><span class='ocrx_word' id='word_1_253' title='bbox 76 3235 217 3300; x_wconf 88' lang='lat' dir='ltr'>conpetere</span> <span class='ocrx_word' id='word_1_254' title='bbox 240 3235 357 3304; x_wconf 90' lang='lat' dir='ltr'>possunt</span> <span class='ocrx_word' id='word_1_255' title='bbox 370 3222 398 3284; x_wconf 93' lang='lat' dir='ltr'>in</span> <span class='ocrx_word' id='word_1_256' title='bbox 408 3222 506 3285; x_wconf 85' lang='lat' dir='ltr'>castris</span> <span class='ocrx_word' id='word_1_257' title='bbox 515 3222 551 3284; x_wconf 92' lang='lat' dir='ltr'>de</span> <span class='ocrx_word' id='word_1_258' title='bbox 565 3231 701 3305; x_wconf 82' lang='lat' dir='ltr'>Annonay</span> <span class='ocrx_word' id='word_1_259' title='bbox 710 3236 744 3290; x_wconf 75' lang='lat' dir='ltr'>,et</span> <span class='ocrx_word' id='word_1_260' title='bbox 761 3223 796 3286; x_wconf 90' lang='lat' dir='ltr'>de</span> <span class='ocrx_word' id='word_1_261' title='bbox 811 3229 965 3306; x_wconf 77' lang='lat' dir='ltr'>Argentaut</span> <span class='ocrx_word' id='word_1_262' title='bbox 978 3243 1027 3286; x_wconf 90' lang='lat' dir='ltr'>seu</span> <span class='ocrx_word' id='word_1_263' title='bbox 1052 3221 1136 3286; x_wconf 85' lang='lat' dir='ltr'>feudo</span> 
     </span>
     <span class='ocr_line' id='line_1_29' title="bbox 76 3314 1137 3401; baseline 0.01 -28"><span class='ocrx_word' id='word_1_264' title='bbox 76 3331 167 3394; x_wconf 90' lang='lat' dir='ltr'>eorum,</span> <span class='ocrx_word' id='word_1_265' title='bbox 181 3331 208 3381; x_wconf 88' lang='lat' dir='ltr'>et</span> <span class='ocrx_word' id='word_1_266' title='bbox 219 3317 344 3399; x_wconf 87' lang='lat' dir='ltr'>predicta</span> <span class='ocrx_word' id='word_1_267' title='bbox 355 3314 414 3381; x_wconf 84' lang='lat' dir='ltr'>beri</span> <span class='ocrx_word' id='word_1_268' title='bbox 441 3318 625 3400; x_wconf 78' lang='lat' dir='ltr'>sociatusque</span> <span class='ocrx_word' id='word_1_269' title='bbox 642 3319 678 3380; x_wconf 93' lang='lat' dir='ltr'>ad</span> <span class='ocrx_word' id='word_1_270' title='bbox 693 3319 895 3401; x_wconf 87' lang='lat' dir='ltr'>Camiprivium</span> <span class='ocrx_word' id='word_1_271' title='bbox 917 3319 1083 3400; x_wconf 84' lang='lat' dir='ltr'>proximum,</span> <span class='ocrx_word' id='word_1_272' title='bbox 1108 3333 1137 3384; x_wconf 90' lang='lat' dir='ltr'>et</span> 
     </span>
     <span class='ocr_line' id='line_1_30' title="bbox 75 3411 756 3498; baseline 0.012 -26"><span class='ocrx_word' id='word_1_273' title='bbox 75 3411 198 3489; x_wconf 87' lang='lat' dir='ltr'>pluraalia</span> <span class='ocrx_word' id='word_1_274' title='bbox 212 3417 357 3480; x_wconf 86' lang='lat' dir='ltr'>continens</span> <span class='ocrx_word' id='word_1_275' title='bbox 373 3431 456 3498; x_wconf 91' lang='lat' dir='ltr'>prout</span> <span class='ocrx_word' id='word_1_276' title='bbox 472 3418 501 3479; x_wconf 91' lang='lat' dir='ltr'>in</span> <span class='ocrx_word' id='word_1_277' title='bbox 516 3417 576 3498; x_wconf 92' lang='lat' dir='ltr'>ipsa</span> <span class='ocrx_word' id='word_1_278' title='bbox 590 3418 756 3480; x_wconf 88' lang='lat' dir='ltr'>continetur.</span> 
     </span>
    </p>

    <p class='ocr_par' dir='ltr' id='par_1_2' title="bbox 6 3511 1135 4274">
     <span class='ocr_line' id='line_1_31' title="bbox 107 3511 1133 3598; baseline 0.005 -24"><span class='ocrx_word' id='word_1_279' title='bbox 107 3511 263 3591; x_wconf 84' lang='lat' dir='ltr'>4oo.1tem,</span> <span class='ocrx_word' id='word_1_280' title='bbox 281 3514 365 3596; x_wconf 91' lang='lat' dir='ltr'>qued.</span> <span class='ocrx_word' id='word_1_281' title='bbox 387 3513 423 3576; x_wconf 90' lang='lat' dir='ltr'>al.</span> <span class='ocrx_word' id='word_1_282' title='bbox 442 3515 532 3577; x_wconf 88' lang='lat' dir='ltr'>littera</span> <span class='ocrx_word' id='word_1_283' title='bbox 557 3514 645 3578; x_wconf 90' lang='lat' dir='ltr'>tribus</span> <span class='ocrx_word' id='word_1_284' title='bbox 667 3513 761 3596; x_wconf 88' lang='lat' dir='ltr'>sigillis</span> <span class='ocrx_word' id='word_1_285' title='bbox 786 3513 814 3576; x_wconf 92' lang='lat' dir='ltr'>in</span> <span class='ocrx_word' id='word_1_286' title='bbox 842 3514 974 3596; x_wconf 88' lang='lat' dir='ltr'>pendenti</span> <span class='ocrx_word' id='word_1_287' title='bbox 1005 3514 1133 3598; x_wconf 84' lang='lat' dir='ltr'>sigillata,</span> 
     </span>
     <span class='ocr_line' id='line_1_32' title="bbox 75 3609 1135 3696; baseline 0.008 -28"><span class='ocrx_word' id='word_1_288' title='bbox 75 3609 163 3690; x_wconf 86' lang='lat' dir='ltr'>scripta</span> <span class='ocrx_word' id='word_1_289' title='bbox 176 3613 225 3674; x_wconf 92' lang='lat' dir='ltr'>sub</span> <span class='ocrx_word' id='word_1_290' title='bbox 242 3632 316 3673; x_wconf 83' lang='lat' dir='ltr'>anno</span> <span class='ocrx_word' id='word_1_291' title='bbox 331 3611 384 3673; x_wconf 82' lang='lat' dir='ltr'>Diri</span> <span class='ocrx_word' id='word_1_292' title='bbox 400 3617 607 3688; x_wconf 83' lang='lat' dir='ltr'><strong>M⁰CC⁰XXX0,</strong></span> <span class='ocrx_word' id='word_1_293' title='bbox 624 3630 720 3673; x_wconf 86' lang='lat' dir='ltr'>mense</span> <span class='ocrx_word' id='word_1_294' title='bbox 734 3611 862 3691; x_wconf 86' lang='lat' dir='ltr'>januarii,</span> <span class='ocrx_word' id='word_1_295' title='bbox 892 3613 1037 3674; x_wconf 87' lang='lat' dir='ltr'>continens</span> <span class='ocrx_word' id='word_1_296' title='bbox 1060 3612 1135 3696; x_wconf 95' lang='lat' dir='ltr'>quod</span> 
     </span>
     <span class='ocr_line' id='line_1_33' title="bbox 76 3703 1134 3792; baseline 0.01 -29"><span class='ocrx_word' id='word_1_297' title='bbox 76 3703 153 3770; x_wconf 85' lang='lat' dir='ltr'>dictus</span> <span class='ocrx_word' id='word_1_298' title='bbox 166 3709 238 3772; x_wconf 93' lang='lat' dir='ltr'>dom.</span> <span class='ocrx_word' id='word_1_299' title='bbox 249 3708 397 3791; x_wconf 81' lang='lat' dir='ltr'>dalphinus</span> <span class='ocrx_word' id='word_1_300' title='bbox 415 3707 580 3772; x_wconf 88' lang='lat' dir='ltr'>Viennensis</span> <span class='ocrx_word' id='word_1_301' title='bbox 597 3709 704 3789; x_wconf 86' lang='lat' dir='ltr'>accepit</span> <span class='ocrx_word' id='word_1_302' title='bbox 713 3707 741 3769; x_wconf 89' lang='lat' dir='ltr'>in</span> <span class='ocrx_word' id='word_1_303' title='bbox 749 3708 861 3770; x_wconf 83' lang='lat' dir='ltr'>feudum</span> <span class='ocrx_word' id='word_1_304' title='bbox 875 3706 911 3770; x_wconf 86' lang='lat' dir='ltr'>ab</span> <span class='ocrx_word' id='word_1_305' title='bbox 925 3709 1134 3792; x_wconf 88' lang='lat' dir='ltr'>archiepiscopo</span> 
     </span>
     <span class='ocr_line' id='line_1_34' title="bbox 76 3803 1132 3890; baseline 0.009 -29"><span class='ocrx_word' id='word_1_306' title='bbox 76 3803 238 3884; x_wconf 76' lang='lat' dir='ltr'>lugdunensi</span> <span class='ocrx_word' id='word_1_307' title='bbox 253 3821 280 3870; x_wconf 91' lang='lat' dir='ltr'>et</span> <span class='ocrx_word' id='word_1_308' title='bbox 294 3805 414 3887; x_wconf 90' lang='lat' dir='ltr'>capitulo</span> <span class='ocrx_word' id='word_1_309' title='bbox 429 3805 552 3885; x_wconf 88' lang='lat' dir='ltr'>ejusdem</span> <span class='ocrx_word' id='word_1_310' title='bbox 572 3820 663 3868; x_wconf 86' lang='lat' dir='ltr'>castra</span> <span class='ocrx_word' id='word_1_311' title='bbox 678 3804 713 3867; x_wconf 92' lang='lat' dir='ltr'>de</span> <span class='ocrx_word' id='word_1_312' title='bbox 726 3812 863 3890; x_wconf 83' lang='lat' dir='ltr'>Annonay</span> <span class='ocrx_word' id='word_1_313' title='bbox 877 3819 906 3869; x_wconf 88' lang='lat' dir='ltr'>et</span> <span class='ocrx_word' id='word_1_314' title='bbox 922 3807 957 3868; x_wconf 93' lang='lat' dir='ltr'>de</span> <span class='ocrx_word' id='word_1_315' title='bbox 969 3814 1132 3889; x_wconf 77' lang='lat' dir='ltr'>Argentaut,</span> 
     </span>
     <span class='ocr_line' id='line_1_35' title="bbox 75 3899 1134 3985; baseline 0.006 -27"><span class='ocrx_word' id='word_1_316' title='bbox 75 3910 97 3959; x_wconf 87' lang='lat' dir='ltr'>et</span> <span class='ocrx_word' id='word_1_317' title='bbox 109 3899 320 3985; x_wconf 80' lang='lat' dir='ltr'>homagium&#39;pro</span> <span class='ocrx_word' id='word_1_318' title='bbox 333 3902 464 3984; x_wconf 85' lang='lat' dir='ltr'>predictis</span> <span class='ocrx_word' id='word_1_319' title='bbox 474 3903 616 3983; x_wconf 89' lang='lat' dir='ltr'>prestitum</span> <span class='ocrx_word' id='word_1_320' title='bbox 632 3921 682 3984; x_wconf 91' lang='lat' dir='ltr'>per</span> <span class='ocrx_word' id='word_1_321' title='bbox 695 3901 815 3964; x_wconf 90' lang='lat' dir='ltr'>eundem</span> <span class='ocrx_word' id='word_1_322' title='bbox 833 3916 860 3966; x_wconf 89' lang='lat' dir='ltr'>et</span> <span class='ocrx_word' id='word_1_323' title='bbox 874 3904 1004 3965; x_wconf 90' lang='lat' dir='ltr'>unionem</span> <span class='ocrx_word' id='word_1_324' title='bbox 1027 3918 1054 3966; x_wconf 89' lang='lat' dir='ltr'>et</span> <span class='ocrx_word' id='word_1_325' title='bbox 1072 3903 1134 3966; x_wconf 87' lang='lat' dir='ltr'>alli-</span> 
     </span>
     <span class='ocr_line' id='line_1_36' title="bbox 6 3996 469 4080; baseline 0.011 -25"><span class='ocrx_word' id='word_1_326' title='bbox 6 4027 7 4036; x_wconf 25' lang='grc' dir='ltr'><strong>κ</strong></span> <span class='ocrx_word' id='word_1_327' title='bbox 75 3996 186 4072; x_wconf 85' lang='lat' dir='ltr'>gationes</span> <span class='ocrx_word' id='word_1_328' title='bbox 197 3999 282 4062; x_wconf 85' lang='lat' dir='ltr'>iactas</span> <span class='ocrx_word' id='word_1_329' title='bbox 296 4001 368 4062; x_wconf 87' lang='lat' dir='ltr'>inter</span> <span class='ocrx_word' id='word_1_330' title='bbox 382 3999 469 4080; x_wconf 92' lang='lat' dir='ltr'>ipsos.</span> 
     </span>
     <span class='ocr_line' id='line_1_37' title="bbox 6 4093 1131 4177; baseline 0.002 -21"><span class='ocrx_word' id='word_1_331' title='bbox 6 4153 7 4156; x_wconf 74' lang='grc'>,</span> <span class='ocrx_word' id='word_1_332' title='bbox 108 4109 172 4168; x_wconf 83' lang='grc' dir='ltr'>4οι.</span> <span class='ocrx_word' id='word_1_333' title='bbox 194 4093 272 4171; x_wconf 89' lang='lat' dir='ltr'>lterir,</span> <span class='ocrx_word' id='word_1_334' title='bbox 302 4095 386 4175; x_wconf 87' lang='lat' dir='ltr'>qued.</span> <span class='ocrx_word' id='word_1_335' title='bbox 400 4093 436 4156; x_wconf 94' lang='lat' dir='ltr'>al.</span> <span class='ocrx_word' id='word_1_336' title='bbox 453 4093 547 4157; x_wconf 86' lang='lat' dir='ltr'>lietera</span> <span class='ocrx_word' id='word_1_337' title='bbox 570 4093 679 4157; x_wconf 89' lang='lat' dir='ltr'>duobus</span> <span class='ocrx_word' id='word_1_338' title='bbox 700 4095 795 4177; x_wconf 89' lang='lat' dir='ltr'>sigillis</span> <span class='ocrx_word' id='word_1_339' title='bbox 810 4095 838 4157; x_wconf 89' lang='lat' dir='ltr'>in</span> <span class='ocrx_word' id='word_1_340' title='bbox 858 4095 990 4177; x_wconf 87' lang='lat' dir='ltr'>pendenti</span> <span class='ocrx_word' id='word_1_341' title='bbox 1004 4095 1131 4176; x_wconf 82' lang='lat' dir='ltr'>sigillata,</span> 
     </span>
     <span class='ocr_line' id='line_1_38' title="bbox 6 4185 1134 4274; baseline 0.004 -29"><span class='ocrx_word' id='word_1_342' title='bbox 6 4211 8 4274; x_wconf 42' lang='grc' dir='ltr'>ᾖ</span> <span class='ocrx_word' id='word_1_343' title='bbox 73 4187 166 4266; x_wconf 86' lang='lat' dir='ltr'>scripta</span> <span class='ocrx_word' id='word_1_344' title='bbox 178 4191 227 4252; x_wconf 92' lang='lat' dir='ltr'>sub</span> <span class='ocrx_word' id='word_1_345' title='bbox 241 4185 314 4252; x_wconf 86' lang='lat' dir='ltr'>ann&#39;o</span> <span class='ocrx_word' id='word_1_346' title='bbox 329 4191 384 4251; x_wconf 80' lang='grc' dir='ltr'>1)ῆί</span> <span class='ocrx_word' id='word_1_347' title='bbox 399 4195 599 4264; x_wconf 77' lang='lat' dir='ltr'>m⁰cc⁰ux⁰1⁰,</span> <span class='ocrx_word' id='word_1_348' title='bbox 616 4190 660 4251; x_wconf 86' lang='lat' dir='ltr'>die</span> <span class='ocrx_word' id='word_1_349' title='bbox 673 4191 743 4268; x_wconf 84' lang='lat' dir='ltr'>jovis</span> <span class='ocrx_word' id='word_1_350' title='bbox 757 4191 785 4252; x_wconf 92' lang='lat' dir='ltr'>in</span> <span class='ocrx_word' id='word_1_351' title='bbox 801 4191 940 4272; x_wconf 90' lang='lat' dir='ltr'>quindena</span> <span class='ocrx_word' id='word_1_352' title='bbox 958 4189 1134 4254; x_wconf 74' lang='lat' dir='ltr'>purificatio-</span> 
     </span>
    </p>
   </div>
   <div class='ocr_carea' id='block_1_2' title="bbox 0 0 1426 4900">
    <p class='ocr_par' dir='ltr' id='par_1_3' title="bbox 0 0 1426 4900">
     <span class='ocr_line' id='line_1_39' title="bbox 0 0 1426 4900; baseline 0 0"><span class='ocrx_word' id='word_1_353' title='bbox 0 0 1426 4900; x_wconf 95' lang='lat' dir='ltr'> </span> 
     </span>
    </p>
   </div>
  </div>
 </body>
</html>
