2844 4900
712 430 889 490 ..ω-

263 548 378 612 Revello
397 561 425 610 et
445 547 606 611 Vincentius
620 544 778 628 creyssenti
796 543 982 606 vendiderunt
1000 539 1215 602 donssseanici
1228 539 1329 602 domine
1409 547 1410 622 l

262 643 422 724 Fucigniaci
438 644 577 724 quandam
602 644 710 725 peciam
724 643 807 705 vinee
826 655 854 704 et
868 641 973 722 quand.
990 639 1098 720 peciam
1119 651 1194 700 terre
1214 637 1331 700 sitamin
1409 655 1410 660 ¹

261 761 358 804 manso
370 741 527 822 Requirelli,
544 741 640 823 precio
653 759 722 804 1111111
739 739 870 803 librarum
884 738 1021 801 viennen.

300 838 370 900 622.
390 845 470 914 Item,
499 839 586 920 quod.
620 837 656 900 al.
683 838 896 900 instrumentum
922 835 999 916 publ.
1027 833 1070 915 (ut
1093 831 1179 913 618),
1197 829 1331 893 continens

260 935 420 1016 homagium
435 935 530 1017 ligium
550 936 694 1016 prestitum
721 935 801 996 dom0
811 947 907 996 nostro
920 932 1051 1014 dalphino
1076 950 1127 1013 per
1156 936 1268 993 Petrum
1292 927 1331 990 del

265 1043 426 1114 Domengec
443 1042 522 1096 Mure
533 1046 562 1096 et
570 1033 755 1096 terminum...
793 1056 800 1074 .

302 1131 372 1209 623.
392 1137 471 1204 ltem,
490 1130 575 1212 qued.
592 1130 683 1192 littera
697 1129 786 1192 tribus
797 1129 893 1210 sigillis
906 1126 1068 1216 impendenti
1086 1125 1216 1207 sigillata,
1241 1123 1331 1203 scripta

263 1227 316 1290 sub
336 1247 410 1290 anno
430 1227 485 1290 Diri
500 1233 745 1299 M⁰CC⁰XC⁰V11⁰,
766 1246 841 1288 xnno
856 1225 969 1288 kalend.
996 1222 1171 1305 septembris,
1199 1220 1332 1283 continens

263 1322 506 1387 confirmacionem
516 1325 617 1387 laetam
632 1324 712 1387 dome
727 1323 878 1404 B(eatrici)
894 1321 1035 1403 delphine,
1045 1319 1157 1382 domine
1172 1316 1330 1399 Fucigniaci,

263 1440 314 1501 per
331 1421 407 1482 dom.
425 1421 609 1483 Humbertum
624 1420 784 1502 dalphinum
801 1421 986 1482 Viennensem
1008 1430 1036 1480 et
1056 1417 1132 1479 dom.
1151 1421 1257 1476 Annam
1281 1413 1332 1492 ejus

263 1532 422 1582 consortem
441 1532 470 1580 et
492 1519 569 1581 dom.
585 1519 738 1580 iohannem
758 1517 935 1599 Dalphinum‚
951 1513 1157 1589 eorumiilium,
1190 1512 1226 1574 de
1252 1523 1332 1574 castro

267 1618 398 1682 Terracie
412 1631 442 1680 et
458 1617 494 1679 de
507 1617 635 1679 omnibus
650 1616 774 1698 aquisitis
791 1629 819 1678 et
835 1613 994 1696 aquirendis
1014 1631 1065 1692 per
1077 1631 1148 1673 eam.

304 1716 373 1796 624.
393 1723 461 1779 ltem
465 1716 567 1797 ,.qued
580 1715 707 1777 litteram
723 1713 855 1796 pendenti
868 1713 989 1794 quodam
997 1710 1087 1791 sigillo
1100 1709 1230 1790 sigillata,
1242 1705 1333 1785 scripta

263 1812 291 1874 in
306 1832 489 1910 pergameno,
503 1813 649 1874 continens
667 1812 742 1894 quod
760 1812 921 1873 Guillelmus
935 1811 971 1872 de
987 1809 1203 1872 lntermontibus
1222 1803 1335 1888 promisit
1409 1887 1410 1900 χ

263 1898 418 1987 juramento
433 1929 484 1970 suo
504 1921 578 1998 stare
594 1908 729 1971 voluntati
746 1921 774 1970 et
797 1907 968 1969 ordinacioni
994 1905 1067 1968 dom
1087 1905 1198 1966 Andree
1224 1898 1333 1982 dalphini
1409 1901 1410 1926 ¹

263 2005 427 2068 Viennensis
442 2018 470 2067 et
484 2007 543 2084 ejus
557 1993 705 2080 consortis,
723 2017 751 2066 et
766 2004 880 2084 insuper
896 2018 1018 2066 castrum
1040 2023 1119 2064 suum
1139 2002 1175 2063 de
1194 2008 1336 2063 intermon-

262 2102 348 2178 tibus,
364 2103 439 2184 quod
456 2103 577 2165 anullo
569 2115 725 2182 juramento
741 2122 792 2164 suo
807 2103 949 2165 asserebat
961 2117 1069 2177 tenere,
1088 2100 1230 2180 acciperet
1244 2097 1333 2203 adicto
1409 2145 1410 2198 q

264 2199 377 2262 domino
395 2213 422 2262 et
438 2200 513 2280 quod
528 2201 595 2262 dict.
623 2200 775 2261 dominus
767 2219 857 2280 ipsum
885 2213 1006 2262 castmm
1035 2192 1333 2306 quandocumque
1290 2192 1333 2255 sib

263 2286 386 2378 placeret
406 2296 547 2376 acciperet
575 2311 603 2359 et
625 2297 755 2358 vexillum
770 2317 850 2358 suum
870 2297 1021 2377 insignum
1043 2293 1245 2402 recognicionis
1262 2309 1334 2370 supra
1409 2315 1410 2388 p

264 2393 367 2472 dictum
377 2407 497 2456 castrum
513 2405 641 2473 poneret,
658 2395 803 2456 continens
817 2394 911 2473 pluras
932 2393 999 2455 alias
1027 2391 1234 2455 convenciones
1259 2389 1334 2450 lactas
1409 2377 1410 2488 l

264 2491 397 2553 intereos
411 2503 494 2573 prout
510 2491 539 2553 in
555 2491 629 2552 dicta
643 2492 739 2555 lictera
753 2492 921 2555 continetur.
1409 2491 1410 2572 l

306 2585 376 2666 625.
404 2594 483 2660 Item,
519 2587 606 2668 quod.
639 2588 675 2649 al.
708 2588 785 2669 publ.
804 2589 1017 2650 instrumentum
1033 2587 1174 2670 (111618),
1203 2585 1335 2649 continens

153 2696 155 2700 ’
265 2682 424 2762 homagium
442 2682 536 2764 ligium
550 2685 694 2765 prestitum
712 2705 762 2766 per
781 2693 949 2756 Peronetum
966 2685 1070 2747 Brilleti
1093 2686 1129 2747 de
1157 2684 1290 2747 Alavardo
1304 2679 1335 2740 illi

307 2875 377 2938 626.
396 2883 475 2953 Item,
495 2879 580 2959 quod.
596 2880 631 2942 al.
648 2880 861 2943 instrumentum
878 2880 970 2960 publ,
994 2880 1127 2960 scriptum
1145 2899 1228 2942 manu
1246 2873 1336 2938 Humb‘

268 2972 347 3034 Pilati
362 2986 421 3035 not.
439 2973 521 3053 pub,
540 2976 592 3036 sub
609 2997 682 3039 anno
698 2976 753 3039 Diri
775 2982 1060 3051 M⁰CCC⁰XXX1111⁰‚
1083 2975 1168 3038 indic.
1189 2988 1232 3051 11³,
1248 2974 1289 3034 die
1302 2983 1335 3032 ue

266 3069 369 3132 mensis
382 3070 488 3146 marcii,
503 3087 505 3091 ·
520 3072 665 3135 continens
682 3074 840 3156 homagium
856 3074 950 3155 ligium
967 3074 1002 3135 de
1026 3092 1145 3154 corpore
1173 3085 1201 3135 et
1228 3087 1336 3153 persona

266 3169 410 3249 prestitum
426 3188 476 3249 per
492 3169 614 3231 nobilem
629 3171 771 3232 mulierem
795 3172 965 3248 Ysabellam,
983 3171 1107 3233 relictam
1119 3169 1285 3252 Raynardeti
1304 3165 1335 3226 de

268 3270 369 3342 Ponte,
381 3266 417 3327 111ί
430 3266 547 3347 principi
561 3267 638 3328 dom⁰
648 3280 744 3328 nostro
758 3268 787 3328 d.
808 3269 963 3330 Humberto
977 3268 1127 3331 Viennensi
1142 3268 1281 3349 dalphino.

306 3363 375 3440 627.
396 3370 475 3438 Item,
492 3363 578 3444 quod.
596 3364 808 3426 instrumentum
816 3365 859 3446 (ut
873 3365 958 3447 626),
975 3365 1020 3426 die
1035 3379 1102 3426 11111
1114 3382 1204 3428 mens.
1220 3359 1334 3444 januarii,

267 3460 412 3522 continens
426 3460 688 3540 homagiumligium
708 3476 736 3524 et
761 3461 984 3542 recognicionem
999 3462 1141 3542 prestitam
1164 3481 1215 3542 per
1236 3468 1336 3522 Petrum

267 3556 386 3636 Algoudi
401 3569 429 3618 et
446 3557 618 3618 Lantelmum
633 3557 751 3636 Algoudi
765 3557 844 3620 dom⁰
860 3558 1002 3640 delphino,
1017 3559 1052 3621 de
1067 3559 1217 3622 medietate
1231 3559 1336 3619 duamm

267 3653 385 3731 partium
409 3653 551 3730 cujusdam
577 3653 697 3734 homagii
723 3673 775 3734 pro
788 3654 872 3715 leudo
902 3654 977 3735 quod
996 3668 1093 3718 tenent
1114 3656 1179 3718 ab
1172 3675 1269 3736 ipso;
1280 3653 1336 3714 item
1409 3625 1410 3722 l

268 3749 358 3811 dictus
371 3756 470 3812 Petrus
482 3753 625 3814 confessus
648 3751 698 3814 luit
722 3771 753 3813 se
780 3750 883 3814 debere
898 3751 1056 3832 homagium
1071 3752 1165 3832 ligium
1179 3754 1253 3816 dicto
1267 3752 1333 3813 dom.

265 2778 382 2859 principi
394 2779 473 2842 dom.
491 2782 636 2846 Hunberto
647 2781 779 2863 dalphino
793 2783 943 2845 Viennensi
956 2797 985 2845 et
999 2783 1186 2844 terminum...

1409 3532 1410 3594 l

156 3846 167 3871 ²
269 3844 400 3924 dalphino
414 3846 525 3908 racione
540 3849 693 3929 empcionis
721 3848 794 3910 facte
826 3867 876 3928 per
905 3849 982 3912 dom.
1013 3848 1174 3929 dalphinum
1191 3850 1336 3931 predicta

269 3941 347 4003 dom⁰
363 3941 499 4019 Villenco,
506 3944 625 4008 domino
642 3947 678 4008 de
694 3945 772 4008 Bello
788 3945 885 4021 Simili,
900 3959 928 4010 et
941 3945 1128 4010 terminum...
1141 3960 1147 3990 ¹

1409 3895 1410 3932 l

309 4091 330 4129 1.
346 4075 385 4128 En
399 4092 431 4130 m.
447 4077 599 4148 Loiquaturl
614 4076 758 4132 comissario
776 4077 807 4132 ad
823 4076 988 4151 recipiendum
1004 4074 1184 4149 recognitiones
1198 4069 1336 4147 dalphiuales

269 4143 414 4200 Goncellini.
1315 4170 1320 4177 ·
1409 4159 1410 4205 l

1409 4231 1410 4307 l
