2844 4900
702 495 880 558 -182—

251 631 335 694 habet
346 630 375 694 in
388 630 469 694 dictis
494 623 646 712 parrochiis
661 647 710 690 seu
726 628 809 706 villis,
834 627 886 690 sub
903 644 977 690 anno
994 633 1105 688 lncarn.
1125 621 1179 686 Diri
1202 625 1311 682 M⁰CCC⁰

251 734 352 803 wi,
364 726 411 790 die
423 739 496 790 xvrt0
509 726 612 790 mensis
628 725 795 801 decembris,
819 724 916 788 indict.
932 738 964 787 ι’.

294 831 378 904 ¹⁰³3·
397 831 476 900 lton,
494 823 581 906 quod.
609 823 647 886 al.
675 823 887 886 instrumentum
908 822 951 904 (ur
972 821 1056 904 989),
1080 818 1227 882 continens
1249 817 1312 899 quod

249 942 346 988 omnes
360 933 389 985 et
399 921 499 1004 singuli
509 920 617 985 nobiles
631 919 797 1002 infrascripti
821 919 963 984 constituti
985 918 1014 980 in
1030 915 1175 1000 presencia
1191 913 1314 996 magnifici

171 1065 172 1068 κ
250 1019 382 1106 principis
397 1019 473 1084 dorm
494 1019 639 1082 llumberti
653 1018 775 1100 dalphini
788 1017 962 1094 lhennensis,
979 1014 1135 1098 stipulantis
1149 1027 1177 1078 et
1190 1013 1315 1094 recipien-

249 1119 285 1183 tis
294 1137 346 1199 pro
356 1136 386 1179 sc
398 1124 426 1179 et
436 1115 504 1193 suis,
517 1115 636 1180 confessi
646 1115 758 1179 fuerunt
770 1123 876 1178 secuse
888 1111 1256 1194 hominesligiosdictidom.
1267 1109 1315 1172 dul-

250 1212 338 1294 phlni,
353 1210 438 1276 videl.
452 1213 580 1294 homagia
595 1212 689 1294 ligigia
703 1212 883 1294 prestiterunt
896 1231 959 1275 cum
974 1212 1130 1292 juramento
1145 1208 1279 1272 fidelitatis
1292 1220 1316 1270 et

250 1310 311 1374 aliis
324 1309 453 1374 clausulis
467 1309 568 1374 debitis
580 1331 590 1389 ;
604 1309 713 1373 nobiles
725 1329 794 1373 vero
809 1323 874 1373 sunt
889 1309 946 1372 hii:
963 1309 1052 1392 primo
1068 1306 1241 1370 Guichardus
1254 1313 1317 1369 Veu·

248 1407 317 1482 tule,
331 1406 397 1470 item
411 1406 558 1490 Aynardus
572 1407 721 1488 Prepositi,
738 1406 769 1470 it.
784 1414 796 1468 J
800 1407 924 1470 ohannes
938 1405 1091 1489 Lyobardi,
1102 1405 1133 1467 it.
1147 1411 1228 1485 lingo
1236 1403 1317 1466 Beles-

248 1502 322 1579 terii,
337 1503 369 1568 it.
382 1504 518 1567 Borchius
531 1503 567 1566 de
581 1510 683 1566 Sancta
705 1504 798 1579 Julita,
820 1504 852 1568 it.
870 1503 1025 1567 Guionetus
1045 1501 1205 1577 Richarmo,
1221 1500 1250 1564 it.
1264 1495 1315 1582 lly-

250 1613 371 1664 maretus
393 1599 551 1677 Rlcltermo,
578 1600 610 1663 it.
640 1607 745 1684 symon
760 1600 796 1663 de
812 1608 968 1683 Voyssenc,
984 1601 1015 1662 it.
1034 1593 1207 1680 ouig'onetus
1227 1604 1316 1661 Pasto-

250 1698 321 1774 relli,
335 1698 366 1761 it.
380 1704 393 1761 l
397 1699 522 1762 ohannes
542 1698 675 1775 Charieti,
701 1699 733 1762 it.
752 1698 911 1781 symondus
926 1697 962 1762 de
978 1705 1085 1774 Serres,
1101 1697 1132 1760 it.
1146 1695 1271 1760 Alhertus
1286 1695 1315 1758 de

251 1795 327 1872 Cois,
346 1794 377 1860 it.
391 1795 521 1860 albertus
534 1795 627 1858 dictus
641 1795 735 1858 Gallar
750 1795 785 1858 de
797 1803 947 1880 voyssent,
963 1795 995 1858 it.
1011 1794 1153 1858 soffredus
1170 1794 1206 1856 de
1221 1800 1315 1876 Bayas,

249 1892 282 1958 it.
298 1892 389 1976 Guigo
403 1899 513 1972 Caraz;
542 1893 698 1956 Guionetus
725 1894 821 1970 Bovis,
851 1895 1022 1957 llumbertus
1051 1891 1199 1970 Bomonis,
1225 1908 1316 1973 parma

248 1990 388 2052 lohannes
402 1990 437 2054 de
452 1990 555 2067 Insula,
572 1990 712 2054 lohannes
735 1991 771 2054 de
787 1993 888 2067 Insula,
902 1991 979 2054 dom.
992 1989 1084 2054 Guido
1098 1989 1134 2054 de
1145 1996 1245 2052 Sancto
1260 1986 1317 2050 Tri·

251 2087 339 2165 verio,
356 2088 433 2151 dom.
450 2087 577 2152 Mothous
590 2088 625 2150 de
645 2095 731 2171 Sayo,
749 2088 826 2152 dom.
844 2089 988 2152 Henn'sius
1005 2096 1095 2150 Laure
1109 2087 1155 2170 (en
1171 2107 1207 2150 nt.
1223 2082 1316 2164 Labre)

250 2186 339 2263 miles,
349 2186 510 2248 Guillelmus
522 2185 557 2248 de
568 2185 682 2263 Chines,
696 2185 774 2250 dom.
789 2185 919 2250 Albertus
940 2187 1050 2261 vetule,
1072 2193 1156 2268 Hugo
1173 2185 1209 2248 de
1219 2191 1317 2266 ¹Arnay·

248 2283 341 2360 niaco,
357 2281 527 2346 Humbertus
540 2283 576 2346 de
591 2281 721 2360 Briordo,
740 2283 915 2348 Guichardus
932 2284 1033 2362 Fortis,
1050 2283 1127 2346 dom.
1143 2289 1274 2366 hymarus
1286 2279 1315 2342 de
1402 2311 1403 2388 3

252 2379 521 2462 Pusigniacomiles.

292 2496 377 2557 1034.
390 2483 474 2554 item,
491 2477 577 2558 quod.
599 2477 636 2540 al.
663 2475 875 2542 instrumentum
890 2479 1023 2561 scripturn
1047 2498 1130 2542 manu
1154 2476 1256 2540 Alberti
1283 2473 1313 2536 de
1402 2477 1403 2552 3

197 2603 199 2608 ·
250 2575 361 2658 Brayda
391 2574 490 2638 notarii
513 2573 591 2656 publ.
615 2575 668 2640 sub
691 2595 765 2642 anno
793 2577 881 2640 Dhice
911 2585 1021 2641 lncarn.
1046 2583 1257 2650 M⁰CC⁰XC⁰V⁰,
1278 2571 1315 2634 die

249 2671 344 2734 martis
359 2685 423 2752 post
436 2669 551 2734 octabas
565 2673 640 2734 Petri
667 2687 695 2736 et
720 2673 810 2749 Pauli,
837 2674 983 2738 continens
1004 2674 1079 2756 quod
1094 2675 1262 2737 lohannetus
1286 2669 1315 2732 dc

250 2769 373 2851 langiis,
403 2769 475 2832 tilius
504 2770 623 2832 condam
648 2770 721 2832 domi
753 2771 911 2834 Humberti·
929 2772 964 2834 de
988 2771 1101 2853 Langiis
1129 2771 1230 2855 militis,
1256 2787 1317 2832 con·

247 2866 337 2929 lessus
347 2863 398 2928 fuit
414 2883 444 2928 se
453 2878 549 2928 tenere
564 2867 601 2928 ab
610 2866 646 2928 ill
660 2881 688 2930 et
700 2868 846 2950 magnifico
861 2869 986 2951 principe
1000 2869 1078 2932 dom⁰
1096 2869 1250 2932 Humberto
1263 2865 1317 2929 dal·

247 2963 332 3047 phino
345 2962 494 3027 Viennensi
504 2976 592 3027 toturn
609 2963 637 3026 id
645 2966 720 3047 quod
736 2967 820 3030 habet
835 2979 863 3030 et
879 2967 1003 3049 possidet
1015 2967 1089 3048 apud
1104 2967 1200 3049 Ciploz
1210 2979 1238 3029 et
1252 2962 1315 3048 apud

249 3061 438 3144 siligniacum,
453 3060 538 3124 videl.
554 3081 591 3124 xv
606 3062 687 3126 solid.
703 3075 754 3126 etr
775 3065 920 3128 sestarium
941 3065 1071 3127 frumenti
1088 3065 1123 3126 de
1146 3063 1273 3140 servicio,
1295 3072 1316 3122 et

180 3227 182 3233 ,
247 3159 321 3242 apud
337 3159 552 3222 Ponchiensxvr
562 3159 644 3223 solid.
661 3160 697 3223 ab
710 3179 765 3223 una
781 3174 860 3243 parte
875 3175 904 3224 et
918 3181 957 3224 xn
972 3162 1070 3226 denar.
1086 3176 1115 3225 et
1128 3162 1197 3224 duas
1211 3171 1314 3243 partest

245 3255 355 3319 bichete
371 3255 501 3318 frumenti
517 3269 545 3319 et
557 3256 626 3318 duas
641 3270 734 3338 partes
749 3257 784 3320 de
800 3277 840 3320 nn
853 3259 993 3340 meyteriis
1009 3278 1097 3320 avene
1114 3271 1143 3321 et
1168 3277 1186 3319 n
1211 3257 1314 3340 gallinas

246 3353 282 3416 de
297 3352 428 3431 servicio,
447 3373 497 3434 pro
511 3355 566 3436 quo
580 3353 663 3416 leudo
678 3355 824 3418 idemloh.
839 3355 998 3438 homagium
1012 3356 1107 3438 ligium
1121 3356 1315 3438 prestititdicto

245 3452 378 3534 delphino
391 3464 420 3515 et
429 3451 573 3516 confessus
592 3452 644 3515 luit
655 3452 738 3514 etiam
752 3452 827 3534 quod
852 3454 1011 3535 omniaque
1027 3467 1107 3535 pater
1121 3473 1187 3516 suus
1203 3451 1313 3516 habebat

246 3547 369 3610 erantde
382 3548 466 3613 leudo
475 3549 541 3612 dicti
553 3548 627 3612 dorui
641 3550 728 3629 nostri
741 3550 875 3632 delphini,
891 3564 1091 3634 exceptaparte
1105 3571 1188 3634 quam
1202 3547 1313 3612 habebat

245 3645 274 3708 in
291 3644 375 3710 domo
399 3647 435 3710 de
456 3655 565 3729 Langes
584 3657 604 3710 ¹.

288 3761 373 3824 ¹035·
401 3749 481 3819 ltem,
510 3742 596 3826 quod.
631 3743 708 3825 publ.
736 3745 947 3811 instrumentum
973 3747 1105 3830 scriptum
1133 3759 1216 3810 manu
1236 3742 1312 3822 Guig'.

247 3839 391 3926 Frumenti
401 3853 461 3902 not.
477 3841 545 3921 pub.
568 3841 620 3904 sub
635 3859 708 3905 anno
727 3843 781 3906 Diti
801 3851 1040 3920 M⁰CCC⁰XXXl⁰,
1064 3843 1161 3908 indict.
1178 3855 1261 3918 mnu,
1273 3837 1314 3902 die

246 3951 267 3998 ι1
282 3939 383 4001 mensis
397 3938 501 4021 aprilis,
521 3940 667 4005 continens
685 3942 844 4023 homagium
864 3943 957 4024 ligium
973 3943 1117 4026 prestitum
1141 3963 1191 4024 per
1209 3949 1313 4004 Petrum

244 4035 280 4097 de
296 4035 412 4098 Molario
432 4036 619 4116 domicellum,
637 4039 722 4102 filium
747 4038 875 4102 Falconis
897 4040 933 4102 de
958 4039 1074 4103 Molario
1090 4041 1219 4116 condam,
1240 4037 1312 4101 donr⁰

290 4257 307 4294 κ
324 4239 362 4297 En
376 4257 409 4297 nr.
426 4237 527 4298 sciatur
540 4239 560 4297 si
577 4239 611 4298 sit
623 4241 655 4300 de
670 4250 738 4299 terra
752 4241 903 4300 Vallisbone.
