2842 4900
508 457 687 502 -201-

75 573 138 652 juris,
152 571 263 634 dominii
277 584 306 634 et
318 570 500 651 juridictionis
512 571 596 634 hebet
610 591 659 634 seu
674 571 777 634 habere
791 570 963 653 dignoscitur
973 570 1001 632 in
1014 569 1132 651 predict.

75 668 166 744 castn's,
191 669 257 730 item
285 667 411 750 quitquid
424 667 502 747 juris,
525 667 650 744 dominii,
675 667 793 732 actionis
815 681 844 730 et
861 667 1038 749 proprietatis
1050 668 1135 732 habet

9 791 10 816 2
75 780 96 828 et
122 765 219 828 habere
249 764 422 846 dignoscitur
453 765 480 826 in
518 779 610 828 castro
643 779 671 828 et
696 765 892 828 mandamento
915 764 950 826 de
977 771 1078 840 Turre,
1099 763 1132 828 it.

9 887 10 930 1
75 862 183 945 quitquid
203 861 281 941 juris,
302 861 431 939 actionis,
463 862 577 925 dominii
594 875 625 925 et
651 861 828 945 proprietatis
853 862 938 945 hahet
962 880 1011 926 seu
1030 861 1134 926 habere

9 973 10 1014 t
74 958 230 1043 dignoscitur
259 959 288 1021 in
313 973 408 1022 castro
439 972 467 1022 et
492 958 618 1024 districtu
649 960 684 1022 de
709 959 800 1044 Vinuy
815 957 928 1023 racione
946 973 975 1023 et
995 979 1030 1022 ex
1049 980 1134 1025 causa

9 1131 10 1140 ἵ
73 1056 217 1120 hereditatis
239 1056 344 1121 hiberti
360 1057 397 1120 de
420 1065 521 1134 Turre,
543 1057 670 1122 canonici
693 1056 872 1134 vivariensis,
891 1070 965 1132 sunt,
982 1058 1094 1122 fuerunt
1107 1073 1135 1122 et

9 1207 10 1212 ,
73 1155 236 1218 debentesse
249 1155 286 1217 de
307 1154 394 1217 feudo
407 1154 473 1238 ligio
491 1155 590 1237 prefati
611 1155 690 1218 dom.
714 1153 837 1236 delphini
858 1167 888 1218 et
905 1155 1134 1236 predecessorum

73 1271 171 1314 suumn
180 1266 237 1314 tam
251 1252 280 1314 in
291 1253 458 1333 Dalphinatu
468 1273 551 1336 quam
564 1253 592 1314 in
601 1251 731 1314 barronia
742 1251 780 1314 de
786 1258 891 1314 Turre:
904 1265 932 1314 et
941 1271 993 1334 pro
1002 1253 1135 1334 predictis

73 1350 129 1412 dict.
148 1349 319 1432 Guigonetus
344 1348 435 1412 eidem
449 1350 527 1412 dom.
559 1349 691 1431 delphino
714 1348 873 1430 homagium
896 1347 990 1432 ligium
1016 1350 1134 1431 prestitit

9 1455 10 1460 ’
73 1446 238 1510 ettidelitatis
254 1461 458 1511 sacramentum
478 1459 499 1510 ¹.

9 1539 10 1542 ’
107 1561 184 1624 ¹¹25·
204 1551 283 1622 Item,
306 1544 393 1626 quod.
408 1544 446 1607 ai.
462 1543 539 1626 pubi.
553 1544 766 1606 instrumentum
781 1556 924 1624 receptum
949 1561 999 1626 per
1024 1543 1130 1606 Humb.

9 1643 11 1710 i
73 1640 140 1703 Pilati
149 1656 175 1705 et
188 1643 325 1725 signatum
335 1663 418 1706 mauu
433 1643 530 1725 ipsius,
546 1641 599 1705 sub
612 1661 687 1706 anno
698 1641 752 1703 nni
767 1647 1021 1718 Mocccutxvltt,
1044 1641 1129 1704 indic.

10 1725 11 1810 ᾗ
71 1755 102 1813 n,
113 1739 154 1800 die
167 1752 196 1799 νΙ
210 1740 314 1802 mensis
327 1739 395 1819 julii,
409 1739 555 1802 continens
577 1738 653 1820 quod
665 1737 765 1800 nobilis
781 1736 944 1801 domicellus
958 1737 1133 1802 Guichardus

10 1881 11 1884 ,
71 1835 183 1899 dominus
195 1838 232 1900 de
247 1838 367 1900 Greoiea
378 1838 497 1919 prestitit
513 1837 672 1918 homagium
687 1836 782 1918 ligium
797 1850 826 1900 et
836 1835 997 1901 fidelitatem
1009 1836 1133 1918 iiipn‘n-

71 1932 114 2013 cipi
126 1933 197 1996 dom⁰
211 1934 330 2016 Guigoni
356 1934 486 2016 dalphine
512 1934 672 2010 Viennensi,
686 1933 832 1997 continens
855 1933 943 1996 eciam
968 1927 1045 2015 quod
1059 1933 1128 1997 dict.

10 2019 11 2070 ἶ
71 2031 226 2094 Guichardus
247 2031 411 2114 recognovit
435 2051 465 2094 se
485 2045 582 2094 tenere
595 2053 613 2093 a
626 2031 702 2094 dicto
725 2031 802 2094 dom.
819 2030 951 2112 delphino
967 2030 995 2091 in
1007 2030 1132 2092 ieudoet

71 2125 185 2190 defendo
196 2128 324 2192 reddibili
340 2128 426 2210 ipsius
439 2130 517 2191 dom.
535 2128 657 2210 dalphini
672 2139 793 2191 castrum
801 2127 837 2190 de
847 2127 966 2190 Greolea
975 2145 1039 2190 curn
1049 2146 1131 2190 man·
1179 2173 1184 2184 .

10 2249 11 2276 1
71 2223 184 2288 dumento
195 2240 223 2290 et
235 2227 376 2289 territorio
390 2227 525 2307 ejusdem,
537 2240 593 2290 etc.
1040 2288 1043 2293 .

10 2391 11 2396 ἵ
107 2326 182 2388 1126.
199 2333 279 2402 item,
294 2324 381 2408 quod.
397 2325 434 2388 al.
446 2326 659 2388 instrumentum
673 2323 753 2406 publ.
770 2323 904 2405 scriptum
923 2341 1007 2386 manu
1025 2321 1130 2386 hiberti

10 2421 11 2458 ³
72 2418 100 2480 de
110 2420 214 2485 Billieco
228 2422 327 2486 notoni
337 2422 415 2503 pubi.
432 2423 484 2485 sub
498 2421 640 2485 annontui
657 2427 899 2498 m⁰ccc⁰xvnt⁰,
916 2419 1002 2486 indic.
1022 2440 1041 2484 u
1058 2434 1130 2500 ,nua
1147 2477 1150 2484 .

11 2547 12 2550 π
72 2516 107 2578 die
117 2519 376 2597 mensisdecenbris,
391 2521 537 2584 continens
549 2520 624 2602 quod
640 2520 815 2584 Guichardus
827 2519 863 2583 de
876 2520 967 2602 burgo
977 2520 1013 2584 de
1027 2526 1130 2584 Sancto

72 2615 177 2680 Giorrisio
189 2619 334 2682 confessus
350 2619 412 2696 huit,
426 2620 461 2684 ad
477 2619 640 2692 instanciam
650 2618 717 2682 dicti
732 2617 832 2682 notarii
846 2617 1003 2700 stipulantis
1017 2617 1130 2682 nomine

70 2712 108 2772 itt·
117 2715 240 2797 principis
248 2716 325 2778 dom.
343 2717 476 2779 iohannis
492 2716 614 2799 delphini
628 2715 804 2793 Viennensis,
820 2735 853 2779 se
870 2715 1039 2780 habuisseet
1053 2721 1131 2780 rece·

71 2809 130 2888 pisse
141 2825 193 2876 tam
205 2813 310 2896 abipso
323 2814 401 2877 dom.
415 2813 547 2896 delphino
563 2834 647 2898 quam
661 2815 697 2877 ab
711 2814 771 2878 aiiis
780 2815 908 2896 personis
921 2814 1035 2877 nomine
1043 2813 1129 2896 ipsius

71 2907 382 2994 soluentrhus‘plennriam
399 2925 428 2974 et
440 2911 592 2992 perfectam
605 2911 777 2976 solucionem
797 2912 833 2974 de
853 2911 983 2976 omnibus
998 2911 1075 2974 univ.
1099 2924 1128 2974 et

72 3003 128 3087 sing.
140 3009 237 3072 mutuis
250 3007 472 3091 obiigacionibus
488 3008 589 3072 debitis
602 3029 636 3074 uc
648 3009 737 3074 eciam
750 3009 811 3072 aliis
822 3007 1012 3072 emmaciibus
1025 3007 1054 3068 in
1068 3007 1128 3088 qui·

15 3132 18 3143 ·
72 3101 203 3168 busdictus
219 3106 298 3169 dom.
316 3106 462 3188 dalphinus
474 3125 525 3188 per
538 3125 568 3170 se
582 3106 627 3170 vei
644 3126 695 3188 per
710 3107 793 3169 alium
811 3106 950 3189 usquead
972 3105 1041 3168 dict.
1053 3104 1127 3166 diem

72 3197 143 3263 eidem
156 3203 383 3266 Guichardoerat
400 3203 551 3286 obligatus,
567 3204 691 3286 exceptis
702 3201 755 3266 hiis
777 3203 805 3268 iu
833 3203 934 3285 quibus
959 3200 1128 3283 reperiretur

72 3294 186 3380 obligatus
196 3301 263 3363 dict.
275 3300 305 3364 d.
315 3300 462 3382 delphinus
475 3300 587 3365 nomine
600 3301 674 3364 dom*
688 3301 802 3364 Amedei
817 3301 853 3364 de
863 3307 996 3376 cossurus,
1014 3311 1126 3380 pactum

72 3391 220 3462 indeusetc.

104 3510 173 3573 ¹127·
189 3503 268 3571 item,
286 3495 373 3576 quod.
398 3495 436 3558 ai.
459 3495 536 3577 pubi.
556 3497 768 3560 instrumentum
785 3496 828 3578 (ut
852 3495 952 3578 1083),
980 3493 1127 3558 continens

73 3584 204 3672 homagium
219 3592 365 3675 prestitum
381 3593 432 3675 pei
445 3593 612 3655 Berrardum
625 3593 661 3656 de
678 3601 772 3656 Laveu
787 3593 975 3670 domicettum,
984 3591 1125 3655 dominum

73 3681 100 3744 de
110 3693 249 3767 iseronce,
263 3688 343 3752 dom⁰
356 3703 453 3752 nostro
469 3690 499 3753 d.
518 3690 672 3754 Humberto
686 3690 818 3772 dalphino
831 3688 991 3768 Viennensi,
1008 3703 1125 3772 excepta

72 3776 179 3849 fidelitate
202 3787 275 3849 dom*
303 3787 503 3869 archiepiscopi
529 3787 723 3870 Lugdunensis
745 3807 770 3850 s.
787 3787 897 3851 comitis
913 3785 1084 3850 Forasiensis
1097 3799 1127 3849 et

73 3875 468 3968 domnamaudideuoresio.
1026 3875 1030 3882 ⁸

106 4124 123 4162 t.
144 4109 178 4166 Er
191 4131 221 4169 m.
237 4115 336 4171 Sciatur
350 4113 370 4170 si
385 4113 446 4172 inira
469 4115 532 4172 dict.
557 4115 674 4172 terminos
699 4126 737 4172 est
754 4115 873 4173 situatum
897 4124 1005 4172 castrum
1030 4113 1124 4171 Montis

76 4174 160 4236 Martini
171 4191 194 4238 et
206 4183 224 4240 si
238 4185 295 4242 iliud
310 4187 410 4242 tenebat
421 4185 489 4262 dict.
505 4185 631 4260 dominus,
645 4186 723 4244 eciam
737 4196 846 4243 castrum
857 4186 963 4261 Ruppis.
