2936 4898
111 557 180 619 ditate
190 559 286 622 domiui
308 559 344 620 de
357 558 466 621 Tollino
479 557 609 632 condant,
625 557 726 618 mecam
740 555 853 618 domino
866 567 963 618 nostro
977 551 1108 637 dalphino
1122 555 1157 616 ad

110 665 210 714 castrum
222 654 256 716 de
271 654 377 730 servia,
394 653 469 734 quod
482 666 603 715 castrum
619 653 655 714 de
671 652 766 714 servia
778 663 855 714 tenet
870 651 907 713 de
923 651 1007 712 leudo
1033 649 1158 712 reddibili

110 749 199 809 adom⁰
211 765 303 812 nostro
315 749 446 831 dalphino
457 763 488 812 ut
501 749 531 810 in
546 748 621 810 nicto
632 749 813 812 inscrumento
827 747 994 810 continetur.

143 848 200 926 298.
224 855 303 923 Item,
332 847 419 929 quod.
449 846 568 908 vidimus
591 859 747 908 emanatutn
773 845 809 906 ab
831 843 940 906 oliciali
968 843 1157 924 lugdunensi

110 943 219 1022 scriptum
232 944 285 1006 sub
299 961 374 1004 anno
391 943 443 1004 Il'rii
462 947 688 1020 II⁰CC⁰IICIIII⁰,
703 959 799 1004 mense
810 941 878 1020 julii,
890 941 918 1002 in
933 959 988 1022 quo
1002 940 1161 1003 continetur

110 1040 170 1118 quod
181 1041 251 1102 dom.
270 1041 361 1122 Guigo
378 1040 523 1121 dalphinus
538 1040 677 1121 quondam
697 1039 817 1102 debebat
829 1038 939 1100 Andree
953 1039 988 1099 de
1013 1037 1120 1099 Albone
1133 1049 1161 1098 et

110 1135 157 1213 eius
168 1139 242 1200 sociis
267 1141 316 1201 IIm
333 1152 362 1201 et
375 1145 411 1199 IIc
426 1137 509 1200 libras
522 1159 556 1201 err
571 1157 654 1200 causa
670 1138 768 1200 mutui.

143 1249 199 1314 ²99·
213 1241 293 1310 Item,
310 1249 368 1297 tres
382 1235 476 1297 littere
502 1234 605 1315 scripte
621 1234 649 1294 in
672 1233 790 1315 quadam
805 1233 877 1314 pelle
906 1233 1083 1314 pargaminea
1111 1249 1161 1312 per

111 1329 225 1407 ordinem,
234 1331 323 1413 prima
338 1331 390 1393 sub
399 1349 472 1394 anno
482 1331 535 1392 Dr'ri
547 1333 785 1405 III-Ilssxxxlrc,
796 1329 839 1391 dle
848 1342 917 1390 nxtr²
926 1328 1028 1390 mensis
1039 1326 1159 1407 augusti,

111 1427 210 1489 secunda
226 1428 279 1490 sub
295 1428 395 1490 eodem
413 1447 486 1490 anno
500 1440 529 1489 et
545 1426 601 1503 die,
617 1440 644 1488 et
657 1425 743 1489 tercia
758 1425 809 1488 sub
822 1426 886 1488 eod.
905 1445 950 1488 an.
970 1439 998 1488 et
1013 1425 1068 1500 die,
1085 1422 1163 1504 sigil-

112 1521 153 1584 late
171 1525 254 1606 sigillo
280 1525 354 1586 domi
380 1524 503 1586 Durandi
530 1522 716 1604 Apothecarii,
744 1522 840 1601 judicis
861 1521 991 1584 civitatis*
1007 1521 1111 1582 vienne
1134 1533 1162 1580 et

112 1618 228 1682 Viennesii
248 1639 301 1702 pto
321 1620 400 1682 dom⁰
420 1621 562 1702 delphino,
580 1619 753 1682 continentes
768 1619 822 1680 due
840 1618 928 1698 prime
941 1616 1036 1678 lietete
1052 1615 1164 1677 exIIma·

111 1714 193 1802 tionem
216 1718 374 1780 reddituum
403 1730 431 1780 et
452 1735 584 1780 censuum
601 1716 682 1778 castri
704 1714 739 1777 de
755 1715 865 1790 Pineto,
890 1727 918 1776 et
933 1713 1028 1776 ultima
1042 1711 1163 1774 continet

112 1815 313 1896 recognicionem
336 1815 525 1896 homagiorum
540 1813 722 1896 quorumdam
750 1805 890 1875 homimum
915 1810 979 1874 dicti
993 1809 1046 1872 loci
1061 1797 1162 1870 laetam

113 1909 173 1971 dom⁰
185 1913 327 1993 dalphino.

145 2026 202 2084 300.
220 2016 300 2083 Item,
316 2008 402 2088 qued.
427 2007 521 2070 lietera
542 2005 721 2087 pergaminea
740 2003 856 2085 sigillata
878 2005 1053 2085 impendenti
1076 2003 1164 2085 sigillo

113 2103 229 2166 Guillelmi
246 2106 282 2167 de
297 2104 485 2180 Cassenatieo,
493 2102 540 2163 filii
551 2101 690 2184 quondam
702 2101 773 2164 dormi
785 2101 919 2181 Guigonis
928 2101 963 2162 de
974 2101 1163 2175 Cassenatico,

113 2201 240 2262 continens
254 2201 329 2282 quod
340 2199 429 2262 dictus
444 2199 604 2261 Guillelmus
618 2198 694 2261 dedit
709 2199 787 2260 dom⁰
799 2197 918 2278 Guigoni
933 2197 1063 2278 dalphino
1084 2196 1167 2278 quid-

114 2297 165 2374 quid
179 2299 296 2359 habebat
307 2299 335 2358 in
349 2297 544 2358 mandamento
559 2311 587 2358 et
601 2311 691 2358 castro
703 2297 738 2358 de
753 2303 868 2358 Rovone
887 2311 915 2358 et
928 2296 1061 2377 quidquid
1078 2296 1167 2357 habe-

113 2388 185 2453 batin
196 2395 389 2456 mandamento
404 2408 432 2456 et
445 2409 536 2456 castro
546 2394 582 2456 de
597 2394 773 2470 Rancurello,
783 2395 905 2475 exceptis
920 2394 971 2456 hiis
985 2413 1039 2474 que
1053 2394 1167 2454 tenebat

114 2488 204 2550 aloru
220 2491 347 2553 Berlione
358 2492 392 2553 de
408 2499 496 2554 Turre
510 2493 537 2554 in
553 2491 753 2554 mandamentis
769 2492 805 2554 de
828 2492 924 2554 Armes
942 2505 970 2553 et
999 2490 1035 2552 de
1051 2480 1167 2552 ¹Ilovone

114 2597 136 2644 et
145 2586 299 2666 quibusdam
316 2589 444 2652 censibus
466 2589 612 2651 nominatis
626 2589 655 2650 in
675 2590 735 2671 ipsa
755 2589 861 2666 lietera,
877 2609 931 2670 que
945 2589 1039 2651 lietera
1066 2588 1167 2668 scripta

113 2680 209 2745 iuitvn⁰
220 2685 280 2747 idus
292 2686 359 2765 junii
374 2705 447 2748 anno
464 2686 517 2747 Diri
534 2689 696 2748 IIIIICL110.

149 2799 207 2862 301.
221 2789 298 2859 Item,
312 2783 396 2864 qued.
410 2783 499 2846 littere
509 2783 625 2864 sigillate
639 2783 667 2845 in
681 2784 812 2864 pendenti
819 2797 937 2865 quatuor
947 2785 1052 2867 sigillis,
1066 2786 1167 2864 scripte

116 2876 226 2956 diejouis
240 2893 303 2960 post
329 2881 523 2942 lnvencionem
550 2887 650 2943 Sancte
675 2881 782 2958 Crucis,
810 2901 882 2944 anno
901 2883 954 2944 Dr'ri
984 2885 1165 2956 MIIICLXX0,

116 2975 268 3039 continentes
291 2977 438 3058 quamdam
459 2977 687 3058 compositionem
710 2979 774 3040 olim
789 2979 888 3041 laetam
905 2981 976 3041 inter
989 2979 1065 3040 dom.
1084 2979 1168 3058 B(ea-

117 3070 209 3152 tricem)
220 3073 386 3135 comitissam
404 3073 587 3136 Viennensem
599 3093 635 3135 ex
648 3093 702 3136 una
719 3088 797 3154 parte
810 3089 838 3137 et
852 3075 1025 3136 Guillelmum
1046 3075 1081 3136 de
1100 3081 1168 3136 Ros-

114 3165 197 3228 sillone
204 3188 236 3230 erc
246 3171 343 3246 altera,
352 3190 435 3250 super
444 3170 810 3233 redditioneetrestitutione
817 3172 899 3234 castri
908 3172 1013 3253 Ruppis
1021 3169 1056 3232 de
1064 3171 1162 3253 Cluey.

153 3282 208 3340 30²·
222 3273 299 3342 Item,
316 3265 403 3346 quod.
414 3267 625 3328 instrumentum
648 3267 750 3328 lactum
768 3287 851 3329 manu
869 3267 975 3334 Alberti
1003 3266 1038 3328 de
1058 3267 1168 3349 Brayda

119 3361 208 3436 noun,
222 3363 272 3425 sub
289 3382 363 3426 anno
380 3363 434 3424 nni
448 3371 555 3426 Incarn.
576 3371 738 3441 M⁰CCC⁰I⁰,
755 3365 799 3426 die
821 3377 880 3426 xxt²
909 3365 1011 3427 mensis
1027 3363 1162 3438 octobris,

120 3458 240 3522 mutinerrs
253 3459 475 3541 recognicionem
500 3461 600 3524 laetam
616 3461 693 3523 dom⁰
717 3461 870 3523 Humberto
888 3461 1019 3541 dalphino
1048 3460 1166 3522 condam

120 3571 157 3630 per
169 3555 236 3618 dom.
251 3557 399 3620 llenricutn
416 3557 451 3618 de
466 3563 564 3634 Turre,
580 3557 616 3619 de
630 3571 721 3621 castro
745 3571 772 3620 et
787 3559 980 3620 mandamento
1006 3554 1119 3639 Vinayci
1140 3571 1168 3618 et
1203 3593 1209 3607 κ

120 3651 146 3714 de
156 3655 261 3737 hiisque
275 3655 360 3718 habet
375 3654 448 3718 idern
465 3655 541 3717 dom.
558 3655 695 3716 Henricus
713 3655 740 3716 in
756 3655 886 3737 bayllivia
908 3669 982 3716 tetre
997 3653 1104 3716 Turris

151 3771 206 3828 3⁰3³
224 3762 301 3828 Item,
314 3753 400 3833 qued
415 3751 503 3814 littera
517 3751 606 3832 sigillo
630 3751 775 3814 Raimundi
803 3752 961 3832 berengarii
987 3751 1014 3813 in
1035 3752 1167 3832 pendenti

117 3847 226 3930 sigillata,
245 3852 390 3913 contiuens
404 3850 477 3931 quod
494 3837 567 3911 ide'm
583 3849 751 3911 Raimundus
765 3843 907 3913 confessus
922 3850 972 3911 luit
993 3869 1023 3912 se
1038 3849 1167 3913 habuisse

117 3946 206 4008 adom
219 3949 352 4030 delphino
360 3959 484 4028 quartam
495 3960 603 4039 partem
612 3947 648 4008 de
661 3953 751 4010 Ponte
763 3959 784 4008 ¹.

148 4166 167 4204 1.
181 4151 215 4204 En
229 4170 260 4208 m.
275 4154 296 4206 Α
311 4153 349 4206 De
363 4119 398 4206 P.¹
413 4150 435 4205 itu
450 4149 569 4222 Royanis.
606 4137 608 4144 ¹
