2844 4900
534 475 712 536 ,m-

91 588 175 668 ligium
191 589 227 650 de
241 603 361 668 persona
390 588 535 668 prestitum
559 587 638 650 dom
666 601 762 651 nostro
790 587 921 669 dalphino
949 607 999 670 per
1031 588 1160 652 liunber-

91 698 142 746 tum
156 684 190 745 de
206 683 290 745 Clusa
305 683 468 765 hvignionis
485 696 513 746 et
525 684 712 747 terminum...

125 780 191 861 645.
208 788 276 844 Item
279 780 388 862 ,.quod
404 779 440 842 al.
455 781 666 843 instrumentum
682 780 724 862 (ut
737 778 823 862 627),
833 793 978 842 continens
988 779 1064 861 quod
1080 779 1156 843 dom.

91 876 251 938 Bertrandus
264 876 426 958 Berengarii
440 877 584 940 confessus
595 877 647 940 fuit
660 896 690 939 se
705 890 801 939 tenere
818 890 846 939 et
859 889 956 939 tenere
969 876 1040 938 velle
1053 896 1069 938 a
1081 876 1160 938 dom⁰

90 987 177 1038 nostro
192 973 325 1056 dalphino
336 975 365 1036 in
381 975 494 1038 lendum
503 975 639 1051 francum,
656 975 750 1038 nobile
758 987 787 1037 et
803 975 944 1056 antiquum
955 987 1043 1038 totum
1056 975 1158 1037 factum

90 1073 224 1154 mallayre
232 1073 267 1135 de
278 1073 517 1153 Sancta'Eugenia
528 1086 556 1134 et
568 1092 693 1135 mansum
708 1073 743 1134 de
758 1071 852 1155 Payis,
867 1091 929 1134 cum
945 1090 1022 1133 mero
1037 1085 1065 1134 et
1074 1071 1159 1135 mixto

89 1169 195 1250 imperio
218 1183 247 1231 et
259 1169 423 1250 juridicione
437 1170 599 1232 omnimoda
615 1170 669 1232 alta
686 1182 714 1231 et
736 1169 829 1246 bassa,
853 1182 882 1232 et
904 1188 966 1251 pro,
982 1169 1057 1232 dicto
1073 1170 1159 1232 feudo

89 1265 146 1327 lecit
154 1266 311 1347 homagium
327 1265 402 1327 dicto
419 1265 494 1328 dom.
511 1266 653 1346 dalphino,
675 1279 704 1328 et
724 1279 834 1328 tenetur
858 1265 893 1328 de
903 1265 968 1347 -ipso
983 1280 1012 1329 et
1034 1285 1085 1347 pro
1097 1266 1159 1348 ipso

89 1363 164 1425 leudo
180 1364 284 1426 servire
294 1363 370 1426 dicto
380 1363 456 1425 dom.
473 1363 603 1444 dalphino
618 1363 646 1424 in
659 1363 716 1425 suis
730 1363 892 1444 cavalgatis,
915 1363 979 1425 etsi
993 1381 1050 1424 non
1068 1364 1160 1425 servi-

88 1474 125 1522 ret
148 1460 219 1523 idem
237 1461 314 1523 dom.
331 1460 478 1540 dalphinus
488 1474 582 1542 posset
598 1460 701 1522 dictum
714 1460 827 1522 feudum
842 1460 968 1542 accipere
985 1474 1013 1525 et
1024 1460 1158 1523 reducere

88 1557 119 1618 ad
132 1578 239 1620 manum
252 1578 331 1620 suam
343 1556 506 1619 durantibus
518 1556 677 1632 cavalcatis,
696 1571 724 1619 et
737 1557 885 1619 terminum
905 1569 952 1619 ¹...

121 1651 187 1731 646.
201 1660 280 1729 Item,
299 1653 386 1734 quod.
402 1653 439 1716 al.
452 1654 664 1716 instrumentum
682 1653 725 1734 (ut
738 1654 823 1736 618),
840 1654 885 1717 die
902 1667 933 1715 ιιι
949 1654 1052 1717 mensis
1065 1654 1159 1733 janua·

88 1749 125 1823 rii,
137 1750 281 1812 continens
307 1750 464 1832 homagium
486 1763 514 1813 et
541 1750 766 1831 recognicionem
790 1751 932 1831 prestitam
957 1751 1035 1812 dom⁰
1061 1764 1157 1814 nostro

88 1846 210 1927 dalphino
225 1867 275 1929 per
290 1847 412 1910 nobilem
428 1849 518 1911 virum
529 1848 605 1910 dom.
626 1847 798 1910 Lantelmum
812 1848 946 1930 hynardi,
964 1839 1107 1910 dominum
1122 1848 1157 1910 de

90 1945 213 2019 Thensio,
244 1945 369 2020 militem,
399 1945 484 2009 videl.
516 1945 660 2008 confessus
683 1945 735 2006 fuit
755 1965 785 2006 se
808 1959 903 2008 tenere
926 1944 963 2007 de
987 1945 1109 2006 dominio
1130 1959 1158 2008 et
1211 1973 1215 1980 ·

89 2044 216 2126 segnioria
226 2045 325 2127 prelati
340 2046 416 2108 dom.
433 2045 554 2127 dalphini
571 2046 599 2108 in
615 2045 728 2108 feudum
742 2045 867 2109 francum
883 2059 910 2107 et
935 2045 1027 2107 nobile
1053 2058 1154 2122 castra,

90 2143 285 2218 mandamenta,
309 2141 458 2205 destrictus
482 2157 511 2206 et
536 2143 676 2206 territoria
690 2143 725 2205 de
741 2143 874 2218 Thensio,
890 2142 926 2204 de
942 2141 1107 2216 Rolomono,
1122 2142 1157 2205 de

90 2237 233 2299 hontelino
247 2252 276 2300 et
291 2240 465 2321 parrochiam
482 2241 518 2302 de
533 2248 640 2316 Roaco,
651 2260 714 2303 cum
730 2259 808 2302 mero
827 2241 876 2321 (et)
889 2239 974 2300 mixto
989 2239 1105 2319 imperio
1129 2252 1157 2302 et

91 2335 239 2398 omnimoda
260 2336 424 2416 juridicione
445 2352 600 2401 castrorum
623 2352 651 2402 et
668 2338 793 2401 locorum
817 2337 936 2419 predict.
967 2351 995 2398 et
1019 2356 1101 2398 omne
1129 2351 1158 2399 et

90 2432 209 2513 quicquid
223 2433 297 2496 idem
311 2435 388 2497 dom.
405 2443 487 2498 Lant.
502 2435 597 2510 habet,
613 2448 691 2498 tenet
704 2435 749 2497 vel
765 2434 889 2517 possidet
904 2435 931 2495 in
946 2433 1054 2510 castris,
1072 2433 1157 2495 terri-

89 2529 168 2606 toriis,
182 2531 384 2595 mandamentis
397 2547 426 2596 et
452 2533 598 2614 parrochia
614 2533 791 2614 supradictis,
817 2533 899 2594 etiam
925 2531 1055 2613 quicquid
1073 2531 1157 2594 habet

89 2627 115 2688 in
130 2635 270 2691 Maracena
281 2630 355 2712 apud
367 2630 504 2693 Savellum
515 2645 542 2692 et
552 2630 581 2692 in
590 2629 663 2691 valle
673 2629 786 2706 savelli,
798 2642 915 2711 excepto
925 2629 1054 2708 homagio
1064 2629 1091 2690 in
1101 2649 1157 2710 quo

89 2723 137 2786 sibi
153 2738 261 2789 tenetur
274 2727 374 2788 nobilis
399 2727 528 2790 Ynardus
555 2727 590 2789 de
616 2726 757 2803 Valseriis,
774 2744 801 2792 et
816 2729 934 2810 quedam
959 2728 1012 2790 alia
1030 2728 1058 2789 in
1082 2728 1157 2790 dicto

90 2821 260 2886 instrumento
275 2838 407 2887 contenta
423 2839 451 2887 et
460 2825 543 2887 etiam
560 2823 746 2886 terminum...

127 2920 189 3000 647·
206 2929 286 2998 Item,
316 2923 403 3005 quod.
432 2924 469 2986 al.
499 2922 578 3004 publ.
610 2923 821 2985 instrumentum
840 2922 883 3004 (ut
908 2922 992 3004 618),
1012 2923 1158 2985 continens

88 3018 236 3099 ,homagium
251 3018 347 3100 ligium
362 3019 398 3082 de
428 3039 548 3101 persona
578 3019 722 3100 prestitum
738 3019 817 3081 dom⁰
830 3032 926 3081 nostro
951 3018 1083 3098 dalphino
1108 3037 1158 3098 per

95 3114 211 3176 Malinum
221 3116 570 3179 Artaudietterminum...

127 3213 189 3289 ⁶48.
216 3219 296 3289 Item,
323 3213 409 3293 quod.
432 3213 469 3275 al.
496 3215 708 3277 instrumentum
726 3213 769 3296 (ut
789 3211 873 3293 626),
892 3211 937 3273 die
950 3223 1053 3272 mmma
1067 3227 1156 3272 mens.

95 3309 249 3386 novembris,
265 3310 412 3374 continens
424 3310 583 3393 homagium
597 3326 625 3375 et
635 3293 795 3374 fidelitatem
810 3308 954 3390 prestitum
976 3304 1158 3388 pernobilem

95 3403 252 3468 domicellum
266 3406 442 3468 Guillelmum
454 3406 539 3470 hlium
560 3409 678 3471 condam
693 3406 831 3487 Rodulphi
850 3405 886 3466 de
912 3410 1057 3485 Coponay,
1081 3401 1159 3464 salvo

96 3513 119 3561 et
130 3504 274 3585 exceptatis
289 3504 425 3586 homagiis
434 3505 462 3566 in
473 3505 574 3586 quibus
584 3519 695 3568 tenetur
706 3503 826 3586 capitulo
841 3501 1018 3565 Gebenncnsi
1032 3519 1065 3562 ac
1073 3498 1159 3561 nobili

96 3599 161 3662 dom*
171 3603 199 3667 d.
214 3602 314 3684 Agneti
329 3603 365 3665 de
382 3602 527 3678 cabilone,
542 3603 684 3666 comitisse
698 3601 886 3675 Gebenncnsi,
903 3613 931 3662 et
945 3596 1133 3662 terminum...

128 3701 189 3779 649.
213 3709 293 3776 Item,
311 3700 398 3782 quod.
415 3699 451 3761 al.
470 3699 681 3763 instrumentum
694 3699 830 3782 (atbar),
842 3697 988 3759 continens
999 3695 1159 3776 homagium

96 3794 176 3877 ligium
190 3799 224 3861 de
237 3817 358 3882 persona
374 3797 520 3880 prestitum
543 3797 578 3859 ill¹
598 3797 715 3879 principi
737 3796 815 3858 dom⁰
836 3807 932 3856 nostro
954 3792 983 3854 d.
1014 3793 1159 3857 hunberto

98 3893 230 3958 Viennensi
243 3896 375 3977 dalphino
385 3915 435 3977 per
447 3895 592 3959 Petrinum
607 3896 642 3960 de
659 3893 803 3976 Buringio,
818 3891 1001 3956 habitatorem
1016 3890 1157 3966 Avalonis,

97 3995 305 4058 etterminum...

133 4212 151 4250 ι.
165 4197 200 4252 Eu
214 4215 245 4254 m.
261 4197 360 4255 sciatur
374 4197 416 4254 ubi
431 4197 478 4254 sita
493 4207 559 4254 sunt.
