2936 4898
574 483 613 498 -ι
638 469 671 530 37
694 485 733 498 .-

125 577 194 638 dom¹
209 578 374 640 Viennensis
385 579 522 660 dalphini3
542 581 687 643 continens
703 582 785 644 etiam
798 583 986 645 retencionetn
1001 598 1028 646 et
1042 584 1197 648 investitio-
1241 583 1245 590 '

122 693 182 736 nem
196 693 266 755 quas
279 675 406 738 iecerunt
417 675 453 738 de
469 676 595 757 predicto
617 677 701 740 feudo
726 678 802 741 dom.
831 679 1030 762 H(umbcrtus)
1052 680 1197 762 dalphinus

122 770 192 833 bone
205 772 339 834 memorie
351 784 380 833 et
395 772 473 834 dom²
484 779 562 836 Anna
577 792 693 836 consors
708 774 830 856 dalphini
842 775 1018 852 Viennensis,
1035 789 1063 839 ct
1072 779 1199 860 recogni-

120 869 222 930 tionem
234 881 263 931 et
278 869 439 952 homagium
454 871 544 933 iactos
556 871 687 951 predictis
708 870 786 934 dom⁰
801 871 932 954 dalphino
947 885 975 934 et
989 873 1048 952 ejus
1062 875 1196 950 consorti,

121 965 395 1028 etconfirmationem
414 980 442 1030 et
465 965 692 1048 approbationem
720 967 821 1030 iactam
849 968 886 1031 de
909 969 960 1032 hiis
974 989 1024 1051 per
1048 970 1197 1052 capitulum

121 1061 185 1124 dicti
201 1061 363 1143 Hospitalis.
378 1097 417 1108 -
432 1069 498 1124 item
520 1076 548 1125 et
562 1064 665 1145 quand.
689 1063 769 1125 aliam
784 1064 836 1127 sub
851 1065 950 1128 eodem
968 1085 1041 1128 anno
1054 1067 1197 1148 scriptam,

122 1158 338 1240 contine(n)tem
359 1157 594 1222 confirmationem
606 1173 634 1222 et
649 1159 879 1240 approbationem
900 1163 935 1224 de
951 1163 1081 1244 predictis
1093 1163 1200 1225 archie-

122 1257 226 1338 piscopi
251 1257 426 1346 Viennensis,
442 1257 551 1340 duobus
565 1257 659 1339 sigillis
674 1259 836 1322 auctenticis
850 1259 1007 1341 sigillatam.

166 1373 231 1431 r7r.
251 1361 332 1429 Item,
348 1353 435 1434 quod.
451 1354 525 1415 aliud
538 1353 748 1417 instrumentum
774 1355 943 1418 coniectum
959 1377 1041 1419 manu
1056 1358 1199 1420 Alamandi

123 1449 157 1511 de
169 1449 345 1511 Bellovidere
354 1449 453 1513 notarii
466 1451 556 1532 publ,
568 1452 620 1514 sub
634 1471 708 1515 anno
725 1459 863 1515 lucamat.
879 1454 933 1515 [tri
944 1459 1197 1530 M⁰Cc⁰llltl¹V1⁰‚

124 1545 218 1608 indict.
243 1565 317 1620 xun,
332 1546 378 1608 die
391 1546 455 1608 lune
471 1561 536 1610 ante
553 1548 767 1629 carnisprivium
790 1569 906 1628 novum,
934 1571 1028 1614 mense
1045 1551 1198 1624 febroario,

124 1643 195 1723 apud
225 1649 357 1705 Sanctum
387 1651 536 1722 Donatum,
568 1645 712 1708 continens
750 1645 928 1708 donationem
954 1647 1035 1709 castri
1060 1646 1096 1708 de
1122 1655 1201 1728 Rupe

126 1739 198 1801 Forti
212 1739 315 1802 iactam
327 1761 378 1821 per
389 1746 510 1816 {Petrum
532 1741 637 1819 Pilosii,
661 1741 802 1804 dominum
832 1743 918 1824 Rupis
946 1743 1047 1818 Fortis,
1064 1742 1100 1806 de
1126 1743 1201 1806 dicto

126 1850 214 1898 castro
229 1856 294 1898 cum
307 1836 435 1900 omnibus
449 1838 506 1901 suis
518 1839 692 1920 pertinentiis
707 1852 734 1901 et
743 1840 902 1902 omnimoda
915 1839 1101 1918 juridictione,
1125 1840 1202 1903 illus-

126 1933 158 1993 tri
169 1933 287 2015 principi
301 1933 377 1994 dom.
397 1935 552 1997 Humberto
566 1933 772 2016 dalphinotunc
788 1936 862 1998 bone
873 1936 1016 2013 memorie,
1037 1937 1158 2016 presenti
1175 1949 1202 1998 et

128 2029 267 2109 recipienti
294 2043 322 2092 et
336 2031 531 2093 auctorizantis
544 2031 656 2093 nomine
677 2050 728 2093 suo
748 2045 775 2094 et
802 2032 935 2094 heredum
959 2047 986 2095 et
1010 2050 1201 2095 successorum

129 2144 250 2202 suorum,
266 2126 339 2188 iacta
352 2126 445 2190 debita
461 2128 644 2190 insinuatione
661 2147 757 2190 eorum
785 2128 846 2210 ipso
877 2128 953 2190 dom.
982 2129 1114 2210 dalphino
1128 2143 1202 2192 tam-

129 2244 207 2305 quam
221 2244 318 2286 coram
342 2225 433 2304 judice
459 2227 639 2308 competenti,
655 2227 730 2308 quod
744 2239 866 2290 castrum
881 2239 910 2288 et
924 2226 1015 2287 omnia
1042 2227 1202 2308 supradicta

131 2321 216 2384 dicttts
234 2321 354 2384 donator
368 2342 399 2384 se
418 2323 560 2386 constituit
588 2322 731 2404 possidere
756 2321 868 2385 nomine
897 2315 962 2384 dicti
977 2322 1052 2384 dom.
1084 2323 1204 2404 dalphini

132 2419 217 2482 donec
231 2440 330 2482 eorum
342 2421 547 2502 possessionem
568 2420 806 2504 apprehendisset.

172 2537 236 2596 ¹72·
256 2525 336 2594 item,
352 2518 408 2581 duo
421 2518 531 2600 publica
540 2519 722 2581 instrumenta
733 2516 812 2580 simul
823 2535 961 2593 connexa,
979 2518 1105 2580 coniecta
1122 2537 1204 2580 manu

134 2615 254 2678 Plisiindi
268 2616 369 2678 notarii
382 2615 474 2698 publ,
486 2615 655 2678 continentia
669 2614 794 2676 redditus
808 2633 878 2695 quos
891 2614 967 2676 dom.
980 2614 1125 2696 dalphinus
1139 2635 1207 2696 per-

132 2712 193 2794 cipit
204 2714 234 2775 in
246 2727 339 2776 castro
355 2714 391 2776 de
403 2714 480 2776 Valle
499 2727 527 2776 et
541 2713 610 2776 Ville
627 2713 750 2776 Urbane.

173 2831 236 2891 ¹73·
253 2819 334 2888 item,
351 2812 455 2894 quand.
471 2831 585 2893 parvam
599 2811 707 2875 literam
720 2811 841 2892 quodam
856 2830 958 2892 magno
974 2810 1063 2891 sigillo
1084 2811 1112 2872 in
1140 2831 1207 2891 pen-

134 2907 203 2970 denti
220 2909 378 2990 sigillatam,
395 2909 446 2971 sub
458 2928 532 2971 anno
551 2909 604 2986 Diri
619 2915 822 2985 M⁰Cc.xvll⁰,
841 2926 935 2971 mense
949 2927 1043 2990 mayo,
1059 2908 1208 2971 continen-

134 3018 186 3067 tem
199 3005 274 3087 quod
285 3005 362 3066 dom.
384 3004 529 3087 dalphinus
541 3005 680 3067 concessit
704 3005 825 3066 lenutam
841 3004 877 3066 de
901 3012 1054 3088 Moysenco
1080 3002 1207 3065 villelmo

137 3102 299 3165 Chamllardi
318 3121 403 3182 prov
418 3101 499 3164 solid.
515 3101 691 3164 censualibus
707 3115 853 3183 perpetuo.

132 3211 139 3220 '
178 3218 241 3278 ¹74·
259 3206 339 3274 item,
367 3198 454 3280 quod.
480 3197 553 3260 aliud
580 3198 792 3262 instnrmentum
818 3199 950 3279 scriptum
973 3214 1057 3258 manu
1086 3196 1208 3258 Durandi

138 3294 258 3356 Ynnardi
275 3293 376 3356 notarii
393 3293 470 3375 publ.
483 3294 534 3356 sub
549 3314 623 3356 anno
640 3295 946 3368 nnitt⁰cc0txxv10,
963 3291 1059 3354 indict.
1084 3306 1148 3369 11112,
1170 3307 1210 3354 vra

98 3415 102 3425 ·
137 3391 181 3454 die
203 3392 304 3454 mensis
333 3391 454 3473 augusti,
473 3393 619 3454 continens
639 3393 869 3473 permutationem
887 3391 988 3452 iactam
1015 3388 1050 3451 de
1067 3401 1158 3451 castro
1175 3389 1210 3452 de

138 3495 287 3571 Moyrenco
301 3501 329 3551 et
345 3488 541 3572 mandamento
555 3489 642 3570 ipsius
657 3503 685 3552 et
700 3489 735 3550 de
749 3489 838 3552 feudis
849 3488 884 3550 de
900 3494 1002 3549 Sancto
1016 3485 1158 3572 Qintirto‚
1176 3486 1210 3548 de

139 3585 215 3666 Ripis
226 3601 254 3650 et
265 3586 311 3648 del
327 3593 438 3668 Vemey
452 3600 480 3648 et
492 3586 665 3667 pertinentiis
679 3586 852 3661 eorumdem,
881 3603 932 3666 per
946 3584 1022 3646 dom.
1055 3583 1211 3646 Guidonem

138 3683 174 3744 de
184 3683 302 3757 Tollino,
318 3683 437 3746 condam
450 3682 592 3744 dominum
607 3683 689 3746 castri
700 3681 816 3764 predicti
831 3681 866 3743 de
881 3689 1034 3763 Moyrenco
1051 3693 1079 3743 et
1093 3681 1211 3762 predict.

137 3778 292 3856 feudorum,
312 3779 348 3841 ab
368 3799 422 3840 una
443 3793 522 3860 parte
546 3794 575 3842 et
596 3779 672 3842 dom.
701 3777 884 3861 B(eatricem>
906 3777 941 3839 de
967 3777 1083 3856 Vienna,
1108 3777 1214 3841 Vienne

139 3887 167 3937 ct
188 3875 299 3938 Albonis
323 3875 501 3952 comitissam,
532 3877 710 3958 recipientem
733 3875 795 3937 vice
819 3888 847 3936 et
861 3874 971 3936 nomine
993 3874 1065 3937 doml
1082 3875 1214 3938 iohannis

140 3970 319 4053 dalphinifilii
333 3972 386 4047 sui,
404 3973 439 4034 de
449 3987 527 4054 parte
542 3993 624 4055 quam
637 3973 710 4036 idem
730 3972 806 4034 dom.
822 3972 962 4034 lohannes
973 3971 1094 4034 habebat
1105 3971 1133 4032 in
1149 3991 1214 4034 cas-

140 4082 184 4129 tro
201 4081 228 4128 et
252 4068 446 4131 mandamento
461 4070 497 4132 de
523 4070 643 4145 Tollite,
663 4070 702 4130 sic
731 4068 804 4150 quod
831 4069 866 4130 de
893 4082 971 4149 parte
1001 4067 1124 4149 predicta
1149 4066 1213 4127 dicti

140 4164 225 4226 castri
241 4165 275 4227 de
289 4165 397 4228 Tollino
410 4167 461 4228 fuit
472 4167 543 4229 iacta
556 4166 722 4248 permutatio
737 4165 875 4228 antedicta
890 4185 900 4243 ;
923 4167 988 4228 item
1010 4165 1133 4228 continet
1145 4163 1211 4224 dict.
