2936 4898
722 429 879 490 -7,‚-
1013 477 1022 508 ,

264 547 327 628 gula
341 564 395 627 que
409 544 499 608 dictus
513 543 590 608 dom.
614 543 789 608 bertrandus
804 543 849 607 vel
869 541 939 606 alius
966 560 1017 623 pro
1044 559 1078 603 eo
1104 539 1199 614 habet,
1214 551 1292 601 tenet
1310 553 1337 600 et

264 641 387 723 possidet
400 640 428 702 in
441 655 544 714 castro,
574 641 781 715 mandamento,
810 639 936 702 districtu
957 652 984 701 et
999 635 1139 700 territorio
1154 634 1280 712 Cabeoli,
1293 635 1338 696 ni·

263 740 427 803 chilominus
437 739 527 819 ipsum
540 738 616 801 dom.
641 738 824 800 Bertrandum
836 736 925 800 teneri
939 749 966 798 et
982 735 1097 812 debere,
1112 733 1141 794 in
1153 752 1220 796 casu
1231 732 1261 794 in
1283 751 1338 813 quo

264 837 368 899 dictum
394 848 515 899 castrum
545 834 658 897 Cabeoli
683 854 733 916 per
754 851 955 916 quemcumque
976 831 1150 894 obsideretur
1175 830 1220 891 vel
1247 828 1338 890 obsidi

239 1005 243 1011 ι
266 944 436 1013 speraretur,
456 931 559 992 intrare
576 930 758 1012 personaliter
772 929 839 993 dict.
857 943 976 992 castrum
991 926 1105 990 Cabeoli
1117 946 1179 988 cum
1192 925 1278 988 armis
1287 924 1339 988 sibi

265 1027 439 1102 decentibus,
453 1040 481 1090 et
492 1027 639 1098 terminum
655 1027 699 1109 (ut
713 1027 793 1109 342).

310 1166 375 1228 354.
394 1156 472 1223 Item,
485 1149 571 1231 quod.
592 1148 669 1230 publ.
691 1147 902 1211 instrumentum
931 1147 974 1229 (ut
989 1147 1071 1229 352),
1091 1144 1237 1208 continens
1265 1143 1341 1224 quod

265 1244 405 1329 Iohannes
435 1244 522 1306 Girini
545 1243 580 1307 de
605 1251 698 1307 sonna
724 1244 888 1325 recognovit
917 1264 948 1306 se
964 1263 1025 1306 esse
1041 1243 1179 1306 hominem
1194 1240 1289 1322 ligium
1305 1241 1340 1302 de

267 1359 387 1423 persona
404 1340 557 1422 magnificis
575 1341 628 1404 viri
642 1341 719 1404 dom.
737 1342 883 1404 Ilumberti
897 1340 1018 1422 dalphini
1032 1339 1196 1403 Viennensis
1210 1353 1238 1400 et
1250 1337 1342 1400 eidem

267 1435 426 1517 homagium
443 1455 505 1498 curn
521 1437 676 1516 juramento
688 1437 782 1500 debito
796 1437 926 1519 prestitit,
942 1451 971 1500 et
988 1437 1038 1500 fuit
1052 1435 1104 1500 sibi
1118 1435 1177 1498 dies
1197 1434 1343 1515 adsignata

267 1532 303 1594 ad
315 1531 516 1613 particulariter
528 1533 786 1614 recognoscendum
798 1553 831 1596 ea
845 1553 899 1616 que
911 1545 989 1596 tenet
1005 1531 1146 1595 adomino
1174 1543 1203 1594 et
1215 1529 1266 1594 tuit
1279 1549 1344 1610 pro·

267 1640 384 1690 testatus
398 1647 448 1708 per
462 1627 529 1691 dict.
546 1628 688 1692 dominum
700 1630 735 1692 de
749 1630 809 1709 jure
825 1649 887 1692 suo.

311 1761 378 1823 355.
399 1749 477 1818 Item,
494 1743 579 1824 qued.
603 1742 693 1806 littere
719 1743 821 1824 scripte
844 1743 896 1806 sub
915 1761 988 1804 anno
1008 1741 1061 1804 oni
1086 1747 1343 1817 II⁰CC⁰LIIXIIII0,

267 1839 441 1902 continentes
455 1840 594 1921 quandam
616 1841 850 1922 composicionem
876 1841 976 1902 factam
993 1840 1065 1902 inter
1084 1840 1160 1901 dom.
1190 1837 1343 1915 Silvonem,

268 1935 410 1998 dominum
423 1936 459 1998 de
476 1937 632 2019 Clayriaco,
648 1951 676 2000 et
692 1939 768 2000 dom.
787 1938 975 2014 lambertum,
989 1937 1132 2000 dominum
1151 1936 1186 1998 de
1202 1934 1343 2011 Scabiolo,

269 2052 353 2115 super
366 2033 441 2096 lacto
460 2033 639 2096 Pissansiani.

314 2147 382 2227 35⁶:
398 2153 478 2224 Item,
490 2148 575 2229 qued.
589 2147 680 2210 littera
692 2148 813 2229 quodam
824 2147 914 2229 sigillo
921 2148 949 2209 in
958 2146 1090 2229 pendenti
1099 2145 1227 2227 sigillata,
1242 2145 1346 2226 scripta

271 2243 414 2305 subanno
433 2244 684 2321 unim⁰cc0u11⁰‚
715 2244 860 2307 continens
885 2244 959 2325 quod
986 2244 1062 2306 dom.
1085 2243 1170 2305 Folco
1183 2242 1218 2304 de
1243 2247 1347 2303 Sancto

271 2339 392 2421 Georgio
411 2339 545 2421 obligavit
561 2341 641 2402 dom⁰
655 2339 776 2421 Guigoni
804 2340 934 2422 dalphino
962 2339 1122 2416 Viennensi,
1150 2357 1202 2419 pro
1224 2344 1246 2399 C
1269 2337 1348 2400 libris

269 2437 419 2511 viennen„
435 2438 496 2517 jura
505 2439 635 2499 universa
649 2451 703 2518 que
715 2437 836 2500 habebat
846 2437 874 2499 in
888 2437 991 2520 poypia
1006 2437 1041 2499 de
1056 2443 1158 2499 Sancto
1177 2435 1300 2516 Georgio
1319 2449 1347 2498 et

268 2532 296 2593 in
311 2533 439 2595 Comatis
455 2552 518 2594 cum
533 2531 698 2613 quibusdam
707 2533 777 2596 aliis.

311 2665 378 2727 357.
398 2654 477 2724 Item,
493 2647 579 2729 quod,
597 2648 808 2710 instrumentum
822 2649 900 2729 publ.
917 2649 1049 2730 scriptum
1064 2648 1237 2712 manu'Petri
1250 2649 1347 2711 Chau-

269 2743 321 2806 rini
339 2745 439 2806 notarii
453 2745 543 2826 publ,
559 2745 610 2808 sub
627 2764 700 2807 anno
719 2745 772 2806 oni
794 2752 982 2822 II⁰CC0LXV,
1001 2746 1098 2809 indict.
1114 2759 1187 2822 vIII³,
1210 2745 1256 2830 die
1282 2733 1347 2808 ima

270 2841 372 2903 mensis
386 2842 507 2922 augusti,
529 2842 673 2904 continens
697 2843 920 2924 recognicionem
948 2844 1048 2906 factam
1068 2863 1118 2927 per
1132 2844 1208 2906 dom.
1228 2843 1348 2906 Guillel-

269 2957 343 2998 mum
360 2938 395 2999 de
406 2937 483 2999 Illiuo
498 2952 525 3001 et
538 2939 674 3000 Seeletum
689 2939 749 3018 ejus
765 2953 894 3022 nepotem
918 2940 996 3002 dom⁰
1011 2941 1131 3022 Guigoni
1152 2939 1294 3022 dalphino‚
1310 2941 1347 3004 de

269 3033 417 3096 medietate
434 3054 485 3115 pro
501 3034 620 3096 indiviso
636 3036 719 3097 castri
742 3036 777 3097 de
789 3036 866 3097 Illino
884 3051 911 3098 et
925 3037 990 3098 inde
1001 3037 1075 3098 idem
1089 3038 1164 3100 dom.
1185 3037 1348 3100 Guillelmus

269 3144 297 3193 et
310 3131 369 3210 ejus
398 3150 486 3211 nepos
516 3133 695 3213 prestiterunt
721 3133 811 3196 eidem
826 3133 902 3195 dom.
919 3134 1037 3215 Guigoni
1052 3134 1209 3218 homagium
1223 3134 1318 3218 ligium
1337 3156 1345 3214 ;

267 3228 333 3290 item
350 3227 497 3290 confitetur
526 3229 613 3290 eciam
643 3229 716 3291 idem
748 3230 824 3292 dom.
840 3229 1000 3292 Guillelmus
1012 3231 1047 3293 de
1064 3231 1141 3293 Illino
1157 3232 1284 3294 eteciam
1299 3251 1349 3294 re-

268 3325 413 3406 cognoscit
440 3325 530 3387 eidem
544 3327 623 3388 dom⁰
640 3327 797 3407 Guigoni...
822 3346 852 3388 se
866 3327 969 3390 habere
981 3342 1009 3390 et
1021 3341 1117 3391 tenere
1131 3329 1162 3412 in
1179 3329 1294 3391 feudum
1318 3343 1349 3392 et

269 3424 380 3486 nomine
394 3425 469 3487 feudi
481 3425 516 3492 ab
530 3425 643 3505 ipso...,
657 3425 742 3486 videl.
764 3438 884 3487 castrum
900 3446 949 3488 seu
965 3426 1101 3489 bastidam
1117 3427 1219 3489 Montis
1246 3433 1349 3514 Bonup

268 3520 304 3582 de
318 3521 419 3595 Costis,
449 3534 477 3582 et
502 3521 577 3602 quod
600 3521 690 3600 ipsum
721 3534 841 3583 castrum
862 3542 911 3584 seu
924 3522 1060 3584 bastidam
1075 3536 1185 3586 tenetur
1199 3521 1252 3606 ipsi
1265 3523 1345 3584 dom.

269 3617 389 3696 Guigoni
404 3617 534 3697 dalphino
563 3630 591 3679 et
613 3617 669 3678 suis
697 3616 816 3678 reddere
839 3618 1070 3701 quandocumque
1094 3619 1130 3681 ab
1146 3618 1206 3700 ipso
1223 3638 1273 3681 seu
1287 3619 1348 3682 aliis

269 3713 328 3793 ejus
343 3713 455 3774 nomine
470 3713 590 3777 extiterit
603 3713 761 3795 requisitus,
775 3728 803 3777 et
819 3715 883 3777 inde
899 3717 964 3779 fecit
978 3717 1029 3797 p'ro
1044 3716 1175 3797 predictis
1185 3716 1346 3798 homagium

269 3823 296 3873 et
311 3809 545 3890 recognicionem.
792 3797 798 3808 ⁸
1004 3827 1006 3834 ·

313 3925 377 4004 358.
396 3932 474 4002 Item,
486 3925 571 4006 quod.
584 3925 661 4007 publ.
675 3927 885 4012 instrumentum
900 3929 1031 4010 scriptum
1049 3949 1132 3991 manu
1151 3928 1283 4010 Stephani
1310 3929 1347 3998 de

271 4019 396 4083 Illuriaco
411 4023 521 4100 notarii,
542 4024 594 4085 sub
611 4042 683 4086 anno
701 4024 754 4086 Diri
772 4031 1054 4102 II0CCC⁰IIXIIIIII⁰,
1071 4027 1216 4090 continens
1242 4027 1347 4090 homa·

272 4118 344 4196 gium
358 4121 456 4182 nobilis
473 4121 600 4183 Rollandi
613 4121 648 4182 de
661 4129 757 4204 Veyna
774 4123 919 4203 prestitum
935 4123 1013 4185 dom⁰
1027 4123 1169 4220 delphino.
