2936 4898
559 461 716 528 -ot-

103 595 133 656 de
147 593 257 676 Brayda
270 593 382 670 notarii,
398 593 449 655 sub
459 611 533 655 anno
548 593 636 656 Dhice
648 599 755 655 lucam.
770 597 990 670 hl⁰lltxc⁰llll⁰,
1006 594 1051 656 die
1062 593 1170 657 sabbati

102 705 157 772 post
169 692 270 754 festum
287 691 361 753 beati
379 691 531 767 Michaelis,
547 691 692 753 continens
707 689 925 771 recognitionem
955 703 983 752 et
1011 689 1170 754 fidelitatem

102 790 194 850 factam
209 807 260 869 per
273 787 349 850 dom.
368 787 594 870 Heu(s)tachium
609 787 645 880 de
661 787 816 862 Osteduno,
830 786 993 850 canonicum
1011 795 1173 850 Romanen-

103 903 165 961 sem,
182 884 401 966 dont⁰dalphino
413 884 449 948 de
465 885 593 949 omnibus
607 885 660 947 hiis
670 905 725 966 que
741 897 818 946 tenet
831 897 860 946 et
872 883 996 966 possidet
1013 885 1040 947 in
1054 886 1172 948 manda-

104 996 189 1044 mento
203 996 232 1044 er
246 981 371 1045 districtu
384 983 452 1044 Belli
467 982 599 1065 Regardi,
616 981 753 1044 valentin.
772 981 911 1063 dyocesis.

140 1097 204 1157 3¹2·
223 1087 302 1155 ltem,
318 1079 405 1160 quod.
416 1080 627 1142 instrumentum
644 1078 776 1160 scriptum
794 1097 877 1139 manu
894 1077 1031 1139 Guillelmi
1061 1085 1173 1138 Merca·

103 1176 163 1239 toris
183 1175 289 1251 clerici,
310 1176 363 1238 sub
381 1195 454 1238 anno
475 1177 529 1238 oni
547 1184 590 1237 hle
602 1177 642 1238 llc
654 1184 783 1256 sertuag’
799 1182 887 1251 v1110,
905 1174 985 1237 indit.
1010 1187 1119 1256 quarta,
1142 1185 1173 1234 κ*

103 1274 207 1336 kalend.
223 1274 291 1355 julii,
308 1275 452 1337 continens
470 1273 640 1336 solucionem
655 1272 799 1352 cujusdam
813 1273 899 1335 debiti
915 1273 1016 1335 laetam
1028 1292 1079 1355 per
1093 1273 1169 1334 dom.

105 1371 259 1433 Garnerium
274 1370 458 1448 sacerdotem,
477 1371 588 1433 nomine
611 1369 690 1431 dome
704 1369 837 1432 Beatricis
851 1369 987 1432 viennen.
1013 1381 1041 1432 et
1059 1369 1173 1432 Albonis

105 1468 246 1545 comitisse,
269 1468 433 1550 quibusdam
451 1469 579 1550 personis
605 1467 753 1530 nominatis
772 1468 800 1528 in
826 1468 887 1548 ipso
911 1468 1094 1530 instrumento
1121 1487 1172 1549 pro

105 1567 183 1630 tribus
208 1566 347 1630 casalibus
369 1549 428 1630 sitis
451 1567 524 1648 apud
548 1574 729 1649 Moysencum
758 1566 786 1627 in
809 1565 871 1627 loco
897 1565 943 1647 qui
959 1565 1058 1628 dicitur
1080 1571 1174 1646 Poys-

107 1682 212 1726 sonum.
473 1689 477 1696 ⁴
1251 1743 1254 1750 Δ

143 1781 205 1842 3¹3·
226 1769 306 1839 ltern,
322 1761 408 1844 quod.
424 1763 634 1825 instrumentum
649 1763 781 1843 scriptum
799 1781 882 1823 manu
907 1759 1007 1822 llumb¹
1032 1759 1111 1822 Pilati
1137 1759 1173 1822 de

107 1847 279 1920 de'Buneria
304 1873 377 1935 not,
406 1857 457 1920 sub
484 1863 558 1922 anno
576 1859 630 1920 Dr'ri
655 1864 906 1934 lll⁰lll⁰XXXllll⁰,
935 1856 1053 1918 diexrx²
1071 1857 1174 1918 mensis

107 1954 222 2030 januarii,
239 1955 386 2017 continens
401 1955 623 2036 recognicionem
639 1955 740 2018 factam
755 1974 806 2036 per
834 1954 989 2036 Guigonem
1004 1954 1040 2015 de
1058 1953 1170 2035 Hylino,

108 2052 147 2131 qui
162 2053 303 2115 confessus
319 2052 520 2115 fuitsetenere
547 2054 576 2115 in
596 2053 709 2115 feudum
731 2065 758 2114 et
784 2052 819 2114 de
842 2053 926 2114 leudo
951 2051 1025 2112 dom¹
1050 2051 1173 2132 dalphini

109 2149 271 2225 Viennensis,
288 2164 419 2232 tanquam
439 2151 547 2213 comitis
569 2150 688 2214 civitatis
705 2151 821 2226 Vienne,
842 2145 1024 2211 medietatem
1036 2147 1118 2210 castri
1137 2147 1172 2209 de

111 2245 202 2328 Hylino
216 2259 243 2309 et
264 2247 356 2309 omnia
369 2265 423 2328 que
436 2247 506 2308 inira
521 2247 587 2310 dict.
606 2261 725 2310 castrum
743 2259 771 2308 et
783 2246 886 2308 fossata
900 2258 1003 2307 suntet
1018 2245 1172 2306 clausuram

109 2339 167 2402 dicti
190 2342 271 2405 castri
295 2343 330 2403 ad
358 2343 528 2425 homagium,
550 2345 624 2425 quod
651 2344 809 2425 homagium
833 2343 898 2405 lecit
926 2341 1006 2403 dom0
1028 2341 1170 2422 dalphino,

110 2451 215 2518 excepto
229 2439 359 2520 homagio
373 2440 476 2501 domini
491 2440 559 2502 Belli
570 2441 640 2502 loci.

147 2555 208 2616 ³¹4·
230 2543 299 2600 lteru
321 2552 430 2618 reperte
455 2552 520 2601 sunt
536 2538 590 2599 due
605 2557 690 2618 parve
707 2537 808 2611 littere,
831 2555 885 2598 una
913 2537 985 2599 facta
1012 2549 1086 2596 anno
1119 2534 1172 2596 Dr'ri

112 2638 320 2696 trutchxxvnt
331 2647 359 2696 et
369 2635 449 2715 (alia)
464 2635 562 2698 eodem
585 2653 670 2711 anno,
693 2634 867 2696 continentes
882 2633 982 2695 factam
998 2633 1084 2695 fuisse
1099 2631 1174 2694 solu-

112 2727 208 2790 cionem
218 2731 338 2794 Castello
349 2732 511 2794 Mercatoris
523 2731 695 2808 Florentino,
704 2729 740 2792 de
750 2733 797 2793 Vm
807 2729 889 2793 solid.
902 2743 930 2792 et
938 2730 973 2792 ab
984 2730 1037 2791 alia
1047 2743 1125 2810 parte
1138 2730 1177 2790 do

112 2838 154 2884 cu
164 2825 234 2889 libris
247 2828 384 2890 bonorum
394 2829 529 2891 viennen.
541 2847 592 2910 per
602 2826 857 2900 odonemsserardi
867 2827 1045 2888 castellanum
1061 2827 1174 2888 Brianc-

114 2925 205 2989 zonesii
216 2946 267 3007 pro
286 2926 381 2988 debito
397 2929 473 2987 llll¹¹¹
486 2927 581 2989 librar.
596 2925 624 2986 in
638 2924 738 3005 quibus
754 2924 830 2986 dom.
850 2925 988 2987 lohannes
1004 2923 1131 3004 Dalphini
1146 2936 1174 2985 et

114 3019 165 3096 ejus
173 3036 248 3102 pater
258 3013 435 3086 tenebantur.

153 3137 178 3192 3¹
189 3138 211 3199 5.
226 3127 304 3197 ltem,
318 3119 431 3201 quamd.
448 3117 564 3180 litteram
577 3117 765 3180 continentem
779 3117 854 3199 quod
871 3117 996 3180 Frelinus
1005 3116 1040 3178 de
1058 3115 1173 3178 saluciis

116 3217 290 3297 ullargarita
305 3217 364 3298 ejus
384 3234 453 3277 uxor
465 3215 583 3277 confessi
614 3227 678 3276 sunt
693 3214 823 3276 habuisse
837 3228 865 3276 et
878 3213 1016 3295 recepisse
1033 3220 1072 3274 hl.
1088 3211 1173 3274 libras

115 3311 209 3373 adon⁸
221 3312 376 3394 B(eatrice)
389 3311 528 3393 dalphina,
544 3330 599 3392 que
612 3311 702 3373 littera
711 3311 763 3373 luit
776 3309 878 3391 scripta
891 3329 964 3371 anno
983 3314 1170 3385 lll⁰CCC⁰lll⁰,

116 3405 225 3486 diejovis
237 3423 301 3490 post
315 3409 416 3470 festum
437 3407 668 3488 Pur(ihcationis)
686 3407 768 3469 beare
790 3405 877 3470 uarie
909 3405 1033 3486 virginis,
1059 3404 1172 3468 inclusis

116 3500 138 3562 in
149 3503 220 3570 dictis
232 3512 272 3568 Μ.
285 3505 359 3567 libr.·
368 3505 532 3586 quibusdam
546 3503 605 3567 aliis
620 3503 813 3566 solutionibus.

152 3601 209 3674 316.
224 3609 303 3678 ltem,
322 3600 407 3683 qued.
424 3601 513 3664 littera
537 3601 565 3662 in
588 3599 720 3681 pendenti
736 3599 863 3681 sigillata,
891 3598 993 3679 scripta
1023 3596 1075 3660 sub
1098 3617 1172 3662 anno

120 3696 162 3756 hiri
172 3701 314 3774 tl01110x0,
332 3697 477 3760 continens
490 3697 518 3758 in
534 3696 632 3758 ellectu
659 3696 733 3778 quod
763 3696 839 3758 dom.
866 3696 1005 3757 lohannes
1025 3695 1172 3777 dalphinus
1268 3743 1283 3766 .

118 3789 180 3855 dedit
193 3793 268 3857 dom⁰
281 3793 412 3876 Gulgoni,
428 3793 540 3856 domino
550 3793 705 3868 Bellivisus,
722 3813 741 3855 x
754 3793 839 3855 libras
851 3811 935 3873 super
951 3791 1032 3854 furno
1047 3794 1169 3855 Morasii.

142 3905 200 3965 317.
214 3897 292 3967 ltern,
302 3891 387 3973 qued.
396 3891 485 3953 littera
492 3889 597 3972 papalis
604 3889 678 3952 bulla
685 3888 968 3970 plumbeahlexandri
976 3909 1048 3971 pape
1055 3889 1169 3963 bullata,

119 3987 246 4051 continens
257 4004 285 4051 et
293 4008 409 4052 narrans
424 3989 498 4070 quod
509 3987 585 4050 dom.
597 3987 688 4067 Guigo
698 3987 844 4068 dalphinus
853 3987 973 4050 existens
983 4000 1060 4049 extra
1069 4000 1170 4049 terram

119 4095 194 4156 uam,
206 4083 242 4145 ob
255 4085 382 4148 timorem
393 4084 512 4146 carceris
526 4083 578 4146 sub
590 4082 715 4146 diurimu
724 4082 835 4145 alterius
847 4084 1023 4156 constitutus,
1034 4084 1172 4146 contraxit

120 4178 303 4242 matrimonium
335 4199 384 4261 per
406 4181 491 4242 verba
505 4180 540 4240 de
555 4180 675 4258 presenti
695 4197 757 4240 cum
780 4178 870 4240 Sicilia
894 4179 949 4240 lilia
963 4179 1036 4241 dom¹
1052 4178 1170 4242 Barralis
