2842 4900
698 411 876 489 ..243-

243 542 279 605 de
297 542 440 617 Plariano,
463 541 500 604 de
523 542 575 606 hiis
599 559 654 624 que
671 541 786 605 tenebat
803 540 878 623 apud
894 540 1066 604 Plazianum.
1080 571 1121 584 -
1136 556 1222 619 1414.
1238 545 1314 614 item,
1413 547 1414 556 ’

242 659 327 722 super
341 638 492 704 donatione
511 640 584 704 iacta
608 659 659 722 per
681 640 786 704 dictum
809 640 886 706 dom.
908 638 1089 721 H(enn'cum)
1105 637 1245 705 lantelmo
1259 643 1319 720 hy·
1413 687 1414 692 ,

242 737 322 800 nardi
339 737 376 800 de
390 735 480 798 leudis
494 749 522 798 et
535 736 703 800 retroieudis
718 737 848 801 omnibus
864 755 918 818 que
932 735 1054 798 habebat
1069 734 1098 797 in
1112 747 1203 798 castro
1216 746 1243 796 et
1259 745 1320 796 ter-

242 835 340 904 ritorio
354 835 457 898 Montis
467 834 551 912 olivi,
566 835 681 900 retentis
693 836 829 918 homagiis
836 835 1020 918 quorumdam
1034 834 1180 910 nobilium,
1195 833 1232 896 ita
1245 833 1319 914 quod

243 933 368 1018 predicta
393 946 502 997 teneret
518 932 592 996 idem
612 941 694 998 lant.
720 933 772 997 sub
796 932 919 996 dominio
936 931 1022 1014 ipsius
1036 932 1066 994 d.
1084 938 1121 994 H.
1136 929 1187 994 sub
1201 929 1321 992 modoet

242 1031 331 1095 lorma
341 1029 441 1112 quibus
453 1029 569 1094 tenebat
594 1031 622 1094 id
648 1031 724 1113 quod
743 1030 864 1094 habebat
878 1029 953 1112 apud
966 1029 1141 1092 eumerium.
1165 1063 1206 1076 -
1236 1021 1319 1107 14'15.

244 1135 324 1206 Item,
339 1147 424 1210 super
448 1148 483 1193 eo
503 1129 579 1211 quod
604 1129 727 1210 prefatus
750 1129 827 1192 dom.
850 1136 886 1191 H.
903 1127 1045 1191 investivit
1059 1125 1219 1208 religiosum
1234 1124 1322 1186 virum

242 1227 320 1290 dom.
338 1233 451 1290 Petrum
471 1227 609 1309 lingonis,
629 1246 775 1293 monacum
789 1227 951 1290 monasterii
976 1225 1070 1290 Sancti
1084 1225 1196 1287 Andree
1210 1223 1245 1286 de
1256 1222 1323 1284 Avi-

242 1323 338 1401 nione‚
355 1325 476 1406 priorem
488 1324 608 1402 Proacii,
621 1325 656 1388 de
669 1325 752 1389 rebus
762 1325 962 1408 temporalibus
974 1323 1040 1387 dicti
1047 1322 1197 1405 prioratus,
1212 1332 1322 1402 recepto

243 1421 381 1487 fidelitatis
395 1423 550 1504 juramento
572 1438 601 1488 et
619 1425 750 1507 homagio
766 1425 832 1507 ligio
847 1445 863 1486 a
878 1424 953 1488 dicto
965 1423 1069 1506 priore.
1084 1457 1126 1468 -
1140 1420 1226 1499 1416.
1243 1425 1320 1494 hem,
1414 1475 1415 1492 .

244 1538 328 1602 super
341 1522 534 1603 recognitione
547 1522 621 1586 lacta
636 1523 688 1604 ipsi
696 1523 772 1585 dom.
789 1530 826 1585 H.
841 1542 892 1606 per
908 1522 984 1585 dom.
1001 1518 1145 1602 P(etrum)
1156 1516 1274 1580 Ysoardi
1287 1515 1323 1578 de
1381 1523 1385 1530 '

243 1616 393 1682 medietate
409 1618 521 1699 majoris
543 1619 656 1682 dominii
676 1622 712 1682 de
731 1627 850 1682 Autana.
872 1653 912 1668 -
931 1637 1016 1699 ¹417·
1041 1625 1121 1694 Item,
1137 1635 1223 1697 super
1235 1613 1324 1676 dona-

243 1715 402 1778 tionelacta
416 1735 467 1797 per
479 1716 569 1798 ipsum
593 1717 670 1780 dom.
688 1724 724 1780 H.
740 1717 819 1780 dom⁰
834 1716 969 1780 Nicholao
992 1713 1153 1780 constancii
1168 1713 1205 1776 de
1218 1711 1324 1774 medie-

244 1826 301 1876 tate
316 1828 344 1878 et
352 1815 491 1878 tricesima
500 1829 578 1878 sexta
588 1830 667 1898 parte
676 1817 759 1879 castri
772 1830 800 1879 et
808 1815 939 1880 territorii
948 1816 984 1879 de
994 1814 1148 1878 Arboribus
1161 1826 1189 1876 et
1199 1810 1321 1886 detorti,

244 1911 383 1974 territorio
397 1913 432 1975 de
448 1913 576 1989 Blacosa‚
591 1913 630 1976 ita
642 1914 717 1995 quod
733 1928 861 1977 teneatur
875 1913 940 1975 inde
949 1913 1043 1976 iacere
1057 1911 1217 1992 homagium
1231 1910 1323 1992 ligium

245 2007 1323 2092 etsitdictadonatioinaugmentumleudiCastriNovi.-r418.ltem,super

245 2106 405 2170 venditione
422 2107 494 2170 facta
504 2107 556 2189 ipsi
569 2107 645 2170 dom.
664 2115 701 2169 H.
717 2128 768 2190 per
784 2109 927 2171 isnardum
944 2107 1062 2190 Rigaudi
1080 2107 1116 2170 de
1130 2121 1231 2169 octava
1247 2119 1323 2189 parte

245 2201 383 2266 huctuum
396 2219 630 2285 proventurorum
643 2205 671 2267 in
679 2206 762 2300 terris
769 2206 827 2270 sitis
833 2207 861 2269 in
869 2207 1009 2269 territorio
1020 2205 1169 2268 Leborelii.
1181 2239 1223 2251 -
1239 2223 1321 2286 ¹4¹9·

247 2305 326 2376 ltem,
340 2320 424 2382 super
437 2302 567 2384 homagio
584 2317 612 2366 et
626 2317 801 2367 sacramento
814 2302 954 2368 fidelitatis
969 2303 1049 2367 factis
1061 2302 1112 2384 ipsi
1125 2301 1204 2364 dom⁰
1220 2308 1257 2364 H.
1275 2321 1323 2383 per

246 2398 466 2463 Guilieimumde
478 2408 586 2464 Vaesco
597 2421 648 2483 pro
661 2401 777 2484 hiisque
791 2402 913 2484 proipso
924 2401 953 2465 d.
969 2409 1005 2463 H.
1028 2400 1142 2463 tenebat
1154 2399 1182 2462 in
1209 2399 1323 2463 baronia

246 2496 349 2560 Montis
358 2497 467 2560 Albani.
481 2532 520 2544 -
535 2516 620 2578 ¹42⁰·
641 2506 720 2574 Item,
738 2519 822 2581 super
835 2499 1027 2582 recognitione
1037 2498 1110 2562 iacta
1122 2496 1174 2578 ipsi
1189 2497 1268 2560 dom.
1287 2504 1322 2558 H.

244 2591 380 2673 perdum.
398 2594 622 2659 bartholomeum
635 2596 671 2659 de
687 2597 823 2673 nuncio,
839 2591 882 2659 ¹de
905 2595 1002 2676 majori
1021 2609 1048 2659 et
1071 2595 1178 2657 directo
1200 2593 1323 2657 dominio

244 2690 327 2752 castri
343 2705 372 2753 et
384 2691 516 2755 territorii
527 2693 563 2756 de
571 2701 666 2757 Monte
678 2695 752 2758 Alto.
767 2729 808 2742 -
825 2713 910 2774 ¹42¹·
931 2701 1011 2772 ltem,
1027 2713 1111 2775 super
1121 2693 1324 2774 permutatione

242 2789 316 2852 lacta
326 2789 377 2876 ipsi
391 2791 467 2854 dom.
486 2799 522 2854 H.
540 2813 591 2875 per
605 2794 756 2858 Henricum
766 2794 802 2858 de
820 2795 983 2868 llontealto‚
1000 2793 1035 2856 de
1049 2805 1127 2856 sexta
1143 2805 1224 2873 parte
1237 2793 1324 2856 castri

243 2899 272 2949 et
284 2886 415 2952 territorii
430 2889 630 2953 1111011111-
648 2911 733 2972 ¹422·
747 2901 827 2970 Item,
843 2912 928 2974 super
940 2890 1093 2974 quitatione
1101 2890 1174 2953 iacta
1182 2889 1235 2972 ipsi
1246 2891 1323 2953 dom.

142 3053 145 3060 ,
246 2989 283 3048 H.
298 2975 511 3068 per'lacelmum
527 2989 655 3052 Burbacii
669 2991 808 3053 Florentie
829 2990 865 3053 de
886 2991 939 3052 Vlc
953 2991 1052 3052 floren.
1072 2987 1132 3050 aun'
1156 2986 1326 3051 restantibus

243 3083 279 3145 ad
289 3084 458 3148 solvendum
474 3086 510 3149 de
520 3088 611 3169 quod.
627 3088 723 3152 debito
742 3092 791 3151 llm
808 3090 907 3152 lloren.
922 3087 992 3152 auri.

289 3197 373 3258 ¹423·
395 3189 463 3245 ltem
485 3184 579 3266 recepi
591 3198 619 3248 et
631 3185 728 3248 notavi
736 3187 949 3249 instrumentum
961 3184 1242 3268 superrecognitione
1252 3184 1326 3248 iacta

199 3361 203 3372 ι
242 3277 350 3356 prefato
363 3278 398 3340 ill¹
410 3280 529 3362 principi
543 3282 620 3344 dom.
636 3282 755 3365 Guigoni
772 3283 904 3366 dalphino
925 3282 1075 3347 Viennensi
1096 3302 1146 3365 per
1167 3283 1325 3364 Guigonem

244 3376 363 3453 Rooted,
376 3377 412 3439 de
425 3392 516 3442 castro
533 3379 568 3441 de
587 3381 710 3443 Rihomis
724 3389 752 3444 et
761 3383 891 3464 homagio
908 3382 1071 3464 subsequto.
1086 3415 1127 3429 -
1142 3398 1228 3460 1424·
1243 3388 1324 3457 ltem,

235 3487 373 3552 supereo
388 3474 463 3555 quod
482 3475 572 3538 dictus
585 3476 662 3539 dom.
688 3477 835 3560 dalphinus
858 3498 893 3542 ex
913 3498 997 3542 causa
1016 3477 1226 3560 permutationis
1248 3477 1327 3542 dedit

242 3566 322 3631 110111ο
337 3570 457 3654 Guigoni
472 3573 507 3636 de
520 3574 635 3657 Morgiis
657 3575 782 3639 homines
805 3596 876 3659 quos
896 3577 1018 3640 habebat
1030 3596 1093 3640 cum
1115 3576 1326 3660 posteritatibus

242 3683 338 3729 eorum
348 3667 376 3731 in
389 3670 535 3751 parrochia
548 3671 641 3734 Sancti
658 3672 774 3735 Baudilii
788 3673 816 3736 in
827 3673 939 3750 Triviis,
954 3693 1005 3756 pro
1019 3693 1055 3735 eo
1069 3673 1134 3755 quia
1143 3672 1234 3735 dictus
1244 3671 1324 3736 dom.

241 3763 332 3846 Guigo
346 3765 381 3828 de
400 3767 514 3849 llorgiis
525 3769 651 3850 promisit
666 3769 718 3851 ipsi
732 3769 809 3834 dom.
824 3771 956 3852 dalphino
972 3771 1042 3833 infra
1056 3784 1158 3834 terram
1167 3769 1324 3832 Triviarum

240 3873 283 3923 tot
295 3862 420 3926 homines
433 3877 462 3928 et
475 3867 609 3930 vassallos
623 3867 776 3950 quotidem
791 3868 820 3930 d.
834 3868 981 3951 delphinus
994 3868 1116 3931 habebat
1125 3868 1153 3930 in
1170 3867 1245 3930 dicta
1256 3887 1326 3950 par-

241 3959 335 4021 rochia
349 3973 378 4023 et
391 3974 434 4024 tot
455 3981 555 4026 census
568 3978 596 4028 et
605 3964 734 4042 servicia,
749 3965 846 4048 usagia
862 3979 890 4028 et
906 3965 1007 4047 gardas
1020 3979 1048 4030 et
1061 3985 1105 4030 res
1121 3965 1189 4028 alias
1201 3979 1231 4028 et
1252 3966 1325 4029 ultra

240 4056 401 4218 valoremllc
416 4058 510 4124 librar.
529 4063 625 4139 semel,
641 4061 676 4124 ad
692 4062 879 4150 cognitionem
891 4063 1026 4145 Guigonis
1041 4062 1177 4127 Pellicerii
1196 4076 1226 4126 et
1246 4071 1324 4126 ller-

239 4154 306 4218 meti
321 4161 362 4217 Co
382 4155 458 4218 audi.
1012 4183 1015 4190 ’
