2842 4900
494 481 673 544 ..m-

68 593 132 654 dom⁰
147 593 298 656 humberto
312 594 442 676 delphino
464 595 613 659 Viennensi
627 616 677 678 per
698 597 775 660 dom.
786 596 919 661 iacobum
930 597 966 660 de
976 597 1118 679 Arguello,

68 689 187 752 dominum
204 691 241 754 de
256 699 361 775 Rosey,
382 694 514 776 Bysensis
531 695 660 758 diocesis.
1130 745 1134 760 .

102 807 174 868 ¹¹44·
188 796 268 867 Item,
286 791 373 872 quod.
390 792 427 855 al.
439 792 650 855 instrumentum
664 791 742 874 publ.
755 791 887 873 scriptum
897 810 980 855 manu
992 791 1124 874 hymonis

67 888 196 969 Burgensis
205 889 242 951 de
253 891 413 954 Morestello
422 891 520 955 notarii
529 891 608 972 publ.
619 891 672 954 sub
681 909 755 953 anno
768 891 821 953 nni
832 897 1123 965 M⁰CCC⁰XXX.XL⁰,

66 983 195 1047 diexx³vr²
207 987 311 1049 mensis
329 986 433 1069 aprilis,
455 987 540 1050 indic.
559 1005 632 1065 vnto,
650 987 797 1050 continens
816 987 1010 1050 remissionem
1024 987 1124 1050 laetam

65 1071 129 1142 doml
142 1083 295 1146 Homberto
323 1084 454 1166 delphino
467 1084 616 1148 Viennensi
635 1104 687 1167 per
703 1085 920 1149 universitatem·
938 1083 1126 1148 mandamenti

66 1180 197 1242 llorestelli
209 1181 237 1245 in
249 1194 326 1245 terra
335 1182 485 1258 Turris,de
492 1181 621 1245 omnibus
637 1182 864 1263 oppressionibus
874 1197 903 1246 et
919 1181 1125 1265 gravaminibus

65 1275 105 1338 uhi
116 1278 244 1360 impensis
259 1299 309 1360 per
323 1280 390 1344 dict.
406 1279 548 1342 dominum
563 1293 591 1342 et
603 1280 663 1358 ejus
677 1279 904 1360 predecessores,
919 1294 947 1344 et
963 1279 1126 1343 concessio-

11 1407 12 1410 *
64 1392 114 1436 nem
126 1375 224 1438 iactam
237 1376 274 1440 de
288 1386 318 1439 v⁰
331 1377 426 1441 solidis
436 1397 487 1459 pro
498 1377 572 1441 bona
587 1391 698 1441 moneta
706 1377 844 1441 facienda.

99 1490 175 1554 ¹¹45·
193 1481 274 1551 ltem,
291 1474 411 1538 vidimus
433 1475 541 1556 cujusd.
568 1475 663 1538 lictere
677 1475 742 1538 date
763 1474 815 1538 sub
828 1495 903 1538 anno
921 1475 974 1538 nri
995 1481 1125 1540 moccco

65 1575 162 1647 XX1X0,
187 1570 333 1635 continens
353 1571 428 1653 quod
445 1572 522 1636 dom.
537 1571 698 1635 Guillelmus
714 1571 792 1634 Flote
814 1585 843 1636 et
865 1572 944 1635 dom.
960 1573 1052 1636 Guido
1066 1581 1125 1636 Ca-

64 1667 140 1745 pran'i,
162 1669 264 1732 milites
289 1669 362 1732 domi
380 1669 454 1750 regis
479 1669 606 1745 Francie,
622 1667 826 1734 confitebantur
855 1670 959 1732 habere
980 1670 1016 1732 ad
1029 1689 1127 1732 manus

64 1765 230 1830 suasnontine
244 1764 311 1828 dicti
323 1765 399 1828 dom.
414 1765 487 1846 regis
502 1779 623 1828 castrum
640 1757 734 1828 Sancti
749 1767 878 1830 Germani
896 1781 926 1830 et
939 1766 1059 1849 quedam
1073 1766 1126 1830 alia

64 1874 147 1938 eastra,
161 1861 326 1925 racioneex
338 1881 422 1925 causa
436 1862 464 1924 in
478 1863 552 1925 dieta
568 1862 663 1925 lietera
679 1875 821 1928 contenta.

98 1958 175 2038 1146.
197 1965 277 2036 Item,
308 1959 394 2041 quod.
415 1959 493 2041 publ.
521 1959 733 2024 instrumentum
758 1960 787 2024 in
816 1959 947 2042 pendenti
976 1960 1126 2041 sigillatum

64 2051 135 2134 sigillo
155 2056 234 2120 curie
252 2053 418 2119 officiolatus
442 2056 645 2138 Lugdunensis,
668 2057 801 2138 scriptum
829 2075 912 2120 manu
939 2055 1072 2120 iohannis
1091 2057 1128 2119 de

65 2157 149 2218 Sancto
161 2155 297 2238 Dyonisio
315 2154 414 2218 notarii
427 2153 505 2237 puhl.
520 2152 573 2216 sub
583 2173 657 2216 anno
679 2161 789 2218 incarn.
807 2155 896 2217 Dhice
911 2160 1089 2230 M⁰CCC⁰V⁰,
1106 2169 1128 2215 ι’

64 2249 98 2311 die
109 2252 207 2318 mensis
219 2252 322 2329 martii,
338 2252 482 2314 continens
496 2251 572 2333 quod
586 2251 663 2314 dom.
680 2252 839 2315 Ludovieus
854 2253 889 2316 de
904 2252 1023 2331 vileriis,
1040 2251 1128 2334 prime

65 2348 240 2428 Lugdunensis
252 2349 369 2412 ecclesie
383 2348 619 2430 archiepiscopus,
638 2349 779 2412 constituit
797 2363 825 2413 et
841 2349 979 2414 ordinavit
992 2350 1127 2412 ill²⁸viros
1146 2421 1150 2428 ¹

64 2443 124 2509 dom.
137 2447 290 2511 iohannem
309 2446 448 2528 Delphini,
465 2447 595 2510 comitem
608 2447 822 2528 vapincensem,
839 2460 867 2510 et
879 2445 956 2511 dom.
969 2448 1127 2511 Guidonem

65 2541 110 2619 ejus
124 2544 234 2608 fratrem
253 2559 282 2608 et
301 2544 453 2627 quemlibet
474 2564 570 2608 eorum
597 2545 745 2608 insolidum
773 2545 905 2608 custodes
931 2559 960 2608 et
983 2545 1128 2628 garderios

64 2637 233 2706 domusfortis
248 2642 284 2706 de
294 2643 388 2706 Beche
398 2642 494 2726 Velley
509 2656 536 2706 et
548 2643 638 2706 tocius
656 2643 843 2707 mandamenti
857 2644 993 2723 ejusdem,
1010 2657 1038 2708 et
1056 2665 1128 2708 eon-

65 2739 131 2800 cessit
143 2739 248 2802 eisdem
264 2739 382 2803 durante
396 2740 523 2821 garderin
537 2740 662 2821 predicta
674 2741 781 2803 fructus
796 2754 825 2803 et
844 2741 1033 2805 obvenciones
1056 2743 1129 2823 ejus-

12 2879 13 2910 ,
65 2829 125 2910 dem,
140 2849 167 2900 et
183 2837 311 2917 promisit
323 2837 428 2902 eisdem
454 2857 591 2920 expensas
607 2838 726 2900 reddere
743 2852 771 2900 et
784 2837 893 2902 soluere
914 2845 984 2922 quas
1010 2840 1129 2922 proinde

12 2923 13 2938 ¹
64 2925 161 2996 iecerint
174 2933 359 2998 custodiendo
384 2934 430 2998 vel
446 2933 612 2998 edifficando
627 2935 740 2998 domum
764 2933 897 3016 predict,
927 2948 1010 3017 prout
1026 2937 1054 3000 ln
1068 2937 1128 3018 ipsa

66 3023 139 3092 littera
149 3031 317 3095 continetur.
796 3107 798 3124 Ι

100 3144 175 3208 ¹¹47·
189 3137 269 3206 Item,
283 3130 368 3211 qued.
386 3130 482 3192 lietera
496 3127 621 3192 officialis
644 3129 721 3192 curie
734 3128 929 3211 Lugdunensis
957 3128 1075 3210 sigillata
1100 3127 1128 3189 in

65 3222 178 3298 pendenti
191 3226 282 3308 sigillo
293 3227 379 3308 ipsius
392 3225 528 3304 officialis,
546 3227 650 3308 scripta
664 3246 747 3290 manu
762 3226 897 3289 Gruilloni
911 3224 978 3287 dicti
992 3221 1127 3286 Chavallii

66 3315 93 3378 de
105 3323 219 3401 Cusello,
237 3322 290 3386 sub
301 3343 374 3386 anno
397 3324 452 3386 Diri
471 3329 702 3400 M⁰CCC0XV110,
714 3323 760 3386 die
777 3341 830 3386 vua
844 3322 947 3385 mensis
960 3320 1037 3397 maii,
1059 3339 1129 3383 con-

65 3413 141 3480 tinens
156 3422 227 3501 quod
242 3421 343 3484 nobilis
355 3435 382 3484 et
396 3423 495 3502 po'tens
509 3422 552 3485 vic
566 3421 642 3484 dom.
666 3427 749 3502 Hugo
759 3419 796 3482 de
810 3419 968 3495 Scabilone,
999 3417 1128 3481 dominus

66 3509 94 3572 de
104 3516 205 3596 hrlaco,
220 3519 365 3582 consessus
374 3519 425 3582 luit
439 3538 469 3580 se
482 3518 621 3599 recepisse
631 3517 855 3599 corporaliterah
865 3516 901 3578 ill¹
911 3515 1035 3598 principe
1050 3514 1127 3578 dom.

65 3607 172 3675 iohanne
186 3615 318 3697 delphino
332 3615 482 3679 Viennensi
495 3615 624 3679 tradente
637 3615 666 3677 in
691 3613 804 3677 feudum
832 3613 958 3675 francum
986 3626 1015 3674 et
1035 3610 1130 3674 nobile

65 3707 145 3770 omnia
155 3710 225 3775 bona
239 3731 413 3796 quecumque
427 3713 493 3790 sint,
508 3733 577 3794 quas
593 3712 659 3775 olim
669 3712 746 3776 dom.
762 3710 902 3774 lohannes
912 3710 1041 3773 domiuus
1055 3727 1130 3772 con-

66 3800 120 3866 dam
136 3806 167 3870 de
182 3811 292 3874 Cusello
307 3809 428 3874 habebat
441 3825 469 3873 ec
482 3810 596 3874 tenebat
611 3811 640 3872 in
661 3823 721 3872 toto
743 3807 938 3872 mandamento
962 3805 1064 3870 Cuselli
1085 3806 1130 3868 vel

66 3899 120 3963 alibi
140 3904 172 3968 de
187 3908 283 3971 franco
297 3908 411 3985 allodio,
430 3929 481 3990 pro
504 3909 603 3990 quibus
616 3893 707 3973 eidem
726 3907 803 3969 dom.
823 3905 954 3987 delphino
968 3905 1128 3988 homagium

67 3996 152 4078 ligium
164 4005 278 4084 prestitit
291 4006 383 4070 dictus
394 4007 471 4070 dom.
490 4013 584 4088 Hugo.

104 4100 183 4176 1148.
198 4109 276 4179 ltem,
293 4104 379 4185 qued.
401 4103 491 4166 littera
506 4103 596 4184 sigilo
610 4103 683 4164 dom¹
699 4103 815 4164 octonis
836 4102 872 4164 de
886 4100 1058 4182 Burgundia,
1077 4099 1132 4160 do·

68 4191 124 4252 mini
148 4197 303 4276 Sahnarum,
328 4201 430 4280 scripta
448 4201 501 4263 sub
522 4219 595 4262 anno
613 4200 666 4261 oni
688 4205 964 4275 M0CC⁰LXX011110‚
981 4215 1076 4258 mense
1094 4196 1133 4273 ja·
