2936 4898
97 557 100 562 ’
130 561 268 622 continens
283 561 442 641 homagium
452 561 545 642 ligium
565 561 710 643 prestitum
729 579 780 641 per
789 561 865 622 dom.
882 559 1056 622 Guiilelmum
1071 560 1107 622 de
1121 567 1198 623 Con-

130 656 218 720 driaco
232 656 347 719 militem
361 657 438 720 dom.
457 657 599 739 dalphino.

165 751 261 816 2624.
276 761 356 830 Item,
368 755 500 836 quodsi.
509 755 720 818 instrumentum
728 755 860 836 scripturn
870 773 953 817 manu
962 754 1081 836 Philippi
1088 755 1199 840 hndree

129 850 274 914 ualtemcti
283 851 383 913 notarii
397 851 487 932 pubi,
507 851 560 914 sub
578 871 653 914 anno
674 851 728 912 uni
739 857 1000 927 mvccc⁰xx1111⁰,
1018 850 1115 913 indict.
1132 869 1196 927 vna,

127 947 169 1009 die
177 964 267 1010 xxvu·
280 948 383 1010 mensis
391 949 511 1030 augusti,
530 949 674 1012 continens
689 948 764 1030 quod
780 949 951 1010 lohannetus
975 946 1106 1021 Mancini,
1123 965 1200 1008 mer-

127 1057 202 1107 cator
214 1043 390 1108 Florentinus
411 1063 530 1126 sequens
545 1045 649 1108 curiam
677 1053 841 1118 Romanam,
859 1042 985 1106 vendidit
1006 1057 1034 1105 et
1061 1043 1200 1106 transtulit

126 1139 247 1202 actiones
265 1161 330 1203 suas
357 1141 506 1204 Francisco
521 1142 664 1224 Raymucii
679 1141 714 1204 de
727 1141 847 1224 quodam
870 1140 964 1202 debito
990 1141 1038 1200 11¹⁰
1066 1140 1196 1202 florenos.

127 1237 183 1301 auri
207 1257 278 1318 quos
308 1238 429 1302 debebat
456 1238 699 1302 dom.'i·1enricus
728 1238 867 1320 Delphini,
891 1237 1024 1300 Metensis
1039 1236 1155 1312 electus,
1172 1250 1201 1300 et

127 1333 201 1396 dom.
215 1333 308 1414 Guigo
335 1333 480 1414 dalphinus
510 1335 585 1396 dicto
602 1336 757 1398 lohanneto
771 1333 906 1412 Mancini3
925 1347 954 1396 et
974 1333 1061 1415 quod.
1082 1332 1118 1394 ah.
1138 1334 1199 1394 ins-

19 1421 20 1430 ’
126 1443 292 1492 trumerrtum
308 1430 337 1492 in
353 1431 451 1493 eadem
466 1431 538 1512 pelle
555 1430 699 1512 scriptum,
725 1431 870 1494 continens
881 1431 1035 1492 cessionem
1059 1429 1199 1492 actionum

125 1527 242 1608 predict.
260 1527 361 1590 factam
379 1547 431 1608 per
447 1528 514 1590 dict.
536 1528 713 1590 Franciscum
726 1527 802 1590 dicto
817 1528 971 1591 iohannem
989 1547 996 1588 :
1013 1546 1067 1608 que
1089 1527 1196 1589 instru-
1268 1581 1271 1588 ,

128 1637 219 1686 menta
232 1623 410 1686 inveniuntur
422 1624 530 1686 reddita
539 1624 766 1706 dom⁰dalphino‚
782 1643 832 1706 pet
845 1643 928 1706 quarn
938 1622 1126 1686 reddicionem
1137 1641 1199 1702 pte-

128 1733 272 1784 sumuntur
286 1719 380 1782 debita
393 1721 517 1802 predicta
529 1721 630 1783 soluta.

168 1819 236 1896 263.
259 1824 339 1892 item,
357 1816 442 1898 quod.
469 1817 506 1880 al.
526 1818 736 1880 instrumentum
760 1815 891 1896 scriptum
917 1832 999 1876 manu
1022 1812 1105 1894 Guig.
1133 1819 1201 1874 Fru-

130 1915 211 1978 menti
224 1926 287 1975 not.
305 1913 386 1994 pub.,
408 1914 461 1976 sub
476 1933 549 1977 anno
566 1914 682 1976 Nativit.
699 1913 752 1974 Dhi
770 1917 1052 1988 m⁰ccc⁰xxx11110,
1071 1909 1151 1972 indit.
1170 1924 1201 1970 ιιὃ

130 2027 157 2075 et
171 2013 216 2075 die
231 2023 276 2074 111²
286 2012 388 2074 mensis
399 2011 525 2091 januarii,
538 2012 682 2073 continens
698 2010 855 2092 homagium
867 2009 1010 2090 prestitum
1022 2027 1071 2088 per
1080 2006 1200 2069 nobilem

130 2111 284 2172 iohannem
295 2110 333 2171 de
342 2110 420 2171 Bello
431 2109 569 2192 Repayrio
578 2108 656 2170 dom⁰
669 2107 812 2188 dalphino,
823 2119 940 2186 excepto
955 2104 1083 2185 homagio
1098 2103 1201 2164 domini

132 2209 230 2270 Montis
245 2207 377 2284 chunuti,
392 2221 420 2269 et
434 2207 581 2269 terminum
592 2204 789 2286 assignationis
809 2204 844 2266 ad
858 2201 1114 2285 recognoscendum
1130 2200 1200 2262 inha

132 2319 357 2386 certumtempus
371 2305 418 2366 diu
432 2318 474 2366 est
489 2305 607 2386 lapsum.
750 2359 752 2362 .

170 2402 238 2480 264.
256 2409 339 2477 Item,
352 2400 438 2481 quod.
454 2400 491 2462 al.
506 2401 717 2462 instrumentum
740 2398 782 2476 (ut
794 2397 929 2480 procem),
945 2397 1090 2460 continens
1103 2397 1202 2458 homa-

133 2498 202 2579 gium
216 2498 363 2580 prestitum
379 2517 429 2579 per
454 2497 630 2560 Franciscum
645 2495 680 2558 de
697 2495 856 2557 versatorio
881 2494 917 2556 de
945 2499 1097 2575 Moyrenco
1122 2494 1201 2556 dom⁰

134 2595 262 2678 delphino
274 2610 304 2658 et
318 2596 464 2658 terminum
476 2595 591 2677 (utiba).

173 2693 240 2775 265.
264 2701 345 2769 item,
365 2693 452 2774 quod.
474 2693 684 2754 instrumentum
713 2691 756 2772 (ut
772 2687 855 2769 263),
875 2689 1020 2750 continens
1047 2686 1204 2767 homagium

138 2790 277 2870 prestitum
299 2789 485 2872 pernobilem
503 2785 927 2865 Humbertumdechapaversa
950 2783 985 2846 de
1013 2781 1151 2844 Bellorisu
1175 2781 1202 2842 in

142 2887 258 2969 Royanis
272 2900 301 2948 et
322 2885 469 2948 terminum
483 2884 601 2966 (ut't'bt).

177 2985 242 3045 266.
256 2990 336 3059 item,
348 2982 434 3063 quod.
451 2981 488 3042 al.
507 2981 718 3042 instmmentum
732 2979 774 3059 (ut
789 2977 871 3058 263),
887 2977 1032 3039 continens
1045 2973 1202 3055 homagium

143 3081 279 3160 prestitum
296 3079 442 3162 magnifico
456 3077 602 3159 principi)
625 3076 702 3138 dom.
722 3073 853 3156 dalphino
877 3073 1024 3136 Viennensi
1041 3090 1092 3152 per
1103 3078 1208 3153 hyma-

145 3195 201 3238 mm
210 3177 314 3240 Lonelli
326 3176 362 3238 de
375 3175 462 3252 Valle,
481 3174 527 3256 qui
542 3172 685 3236 confessus
709 3172 760 3234 fuit
783 3191 813 3234 se
835 3189 897 3233 esse
911 3169 1049 3234 hominem
1062 3167 1156 3248 ligium
1171 3167 1206 3229 de

147 3293 257 3354 persona
273 3287 302 3336 et
312 3272 459 3354 terminum
473 3272 516 3354 (ut
531 3271 593 3352 ibt).

186 3371 248 3450 267.
263 3370 342 3448 item,
359 3371 442 3453 qued.
458 3370 548 3432 littera
565 3369 593 3430 in
610 3367 742 3448 pendenti
757 3365 873 3448 sigillata
890 3363 977 3428 tribus
1001 3361 1106 3443 sigiliis,
1121 3361 1207 3424 videl.

150 3470 231 3551 sigilio
240 3470 362 3533 officialis
375 3469 451 3532 curie
462 3467 626 3531 Viennensis
640 3479 670 3528 et
682 3465 777 3528 ddom.
797 3463 961 3526 arbitrorum
976 3473 1168 3522 contentorum
1182 3459 1210 3521 in
1296 3527 1297 3532 γ

151 3567 219 3630 dicta
243 3569 342 3643 littera,
369 3567 471 3647 scripta
487 3585 560 3627 anno
579 3563 632 3625 Dr'ri
646 3565 851 3638 nt⁰11⁶xu⁰vt⁰,
874 3558 1018 3622 continens
1040 3557 1211 3638 pronuncia-

152 3664 251 3728 cionem
263 3676 290 3728 et
303 3663 481 3726 concordiam
496 3663 596 3724 iactam
616 3661 688 3722 inter
713 3658 878 3743 Cyboudum
901 3655 1042 3719 dominum
1069 3657 1104 3718 de
1118 3657 1212 3720 Bello-

153 3761 242 3824 videre
257 3763 291 3824 de
301 3769 395 3824 Marco
410 3775 438 3823 et
450 3759 624 3822 Guiiieimum
635 3759 694 3838 ejus
705 3757 801 3832 filium,
820 3776 855 3818 ex
876 3773 930 3818 una
945 3767 1035 3836 parte,
1049 3766 1077 3816 et
1091 3761 1212 3816 Bernar-

152 3856 218 3917 dum
232 3857 353 3920 abbatem
369 3869 396 3920 et
407 3871 575 3920 conventum
595 3854 688 3917 Sancti
701 3853 812 3916 Andree
831 3851 1005 3928 Viennensis,
1024 3870 1107 3933 super
1122 3850 1214 3914 omni-

154 3952 209 4013 bus
223 3955 331 4045 querelis
340 3968 368 4017 et
382 3954 573 4036 questionibus
595 3970 664 4034 quas
680 3950 819 4014 habebant
833 3949 900 4012 ad
892 3950 1010 4012 invicem
1040 3948 1068 4010 in
1097 3947 1160 4008 villa
1187 3960 1215 4009 et

158 4051 296 4130 parrochia
310 4053 344 4116 de
360 4053 497 4136 Moydies.
722 4111 724 4116 ,
1227 4119 1228 4124 1
1303 4119 1304 4122 Ἴ

202 4146 261 4208 ι68.
275 4156 336 4212 item
340 4151 449 4233 ,quod
466 4151 502 4211 ai.
518 4150 729 4214 instrumentum
739 4099 871 4226 scriptum
886 4159 969 4206 manu
983 4149 1066 4204 Fran
1076 4140 1111 4202 de
1120 4147 1214 4200 Monte
