2844 4900
245 611 390 674 domorum
404 627 516 671 suarum
531 609 566 672 de
591 610 763 672 Pisanczano
781 621 810 671 et
833 625 917 690 super
935 607 995 670 aliis
1010 593 1173 690 pacionibus
1191 608 1220 670 ln
1237 605 1317 669 dictis

243 708 328 770 literis
342 705 490 770 contentis.
941 731 943 739 .

284 821 354 884 413.
375 809 454 879 Item,
476 800 560 884 qued.
577 801 613 862 al.
630 801 719 862 littere
736 798 849 862 duobus
864 799 988 883 (sigillis)
1002 800 1130 882 sigillato,
1146 800 1319 863 continentes

245 901 441 983 quittacionem
455 900 555 962 iactam
575 918 626 981 per
642 898 789 960 Ronletum
809 897 930 961 Fabrum
945 918 961 960 a
976 897 1089 961 domino
1115 895 1261 961 Bellivisus
1282 898 1317 960 de

231 1015 281 1060 Ιιιι
291 985 367 1061 libris
380 997 516 1062 viennen.

284 1111 353 1173 4¹4·
376 1099 458 1170 Item,
487 1091 574 1173 quod.
596 1090 807 1154 instrumentum
835 1091 912 1172 publ.
943 1091 988 1173 <ut
1011 1092 1096 1176 410),
1115 1089 1320 1154 biennensis

245 1191 350 1272 aprilis,
369 1189 514 1252 continens
537 1187 697 1268 homagium
714 1201 742 1250 et
755 1187 974 1268 recognitionem
986 1187 1089 1250 laetum
1105 1200 1133 1251 et
1152 1187 1254 1251 iactam
1271 1205 1321 1268 per

245 1288 322 1349 dom.
339 1287 488 1348 henricum
505 1285 541 1346 de
551 1283 723 1364 Burgundio,
738 1283 879 1344 dominum
898 1283 934 1345 de
947 1283 1083 1360 hloirenc,
1102 1283 1216 1346 domino
1224 1295 1321 1346 nostro

246 1385 321 1445 dom.
340 1383 496 1446 Humberto
509 1380 650 1462 dalphino,
668 1399 720 1461 pro
745 1400 801 1461 quo
820 1380 950 1461 homagio
967 1394 995 1442 et
1007 1380 1198 1461 recognitione
1226 1379 1322 1442 habuit

246 1494 275 1544 et
282 1479 388 1560 recepit
399 1478 472 1540 idem
488 1477 564 1540 dom.
583 1475 720 1538 hienricus
734 1476 764 1537 in
778 1476 853 1538 bona
869 1474 987 1556 pecunia
998 1492 1142 1540 numerata
1155 1479 1203 1538 llm
1220 1491 1248 1540 et
1272 1484 1322 1541 Vlc

246 1577 330 1640 libras
340 1594 488 1657 parvorum
500 1581 656 1650 lunonem,
672 1586 833 1654 computato
849 1581 948 1654 grosso
962 1581 1077 1636 Turono
1088 1592 1139 1655 pro
1156 1592 1193 1634 xv
1207 1572 1320 1648 denar,

245 1691 262 1732 a
278 1672 353 1734 dicto
367 1670 443 1733 dom.
460 1659 592 1751 dalphino
606 1682 634 1731 et
642 1668 693 1731 luit
702 1669 806 1730 dicrum
816 1668 888 1731 inter
899 1669 976 1750 ipsos
985 1669 1060 1751 quod
1071 1668 1196 1751 predicta
1204 1669 1324 1750 pecunia

245 1781 396 1848 poneretur
408 1767 436 1830 in
451 1766 653 1850 aquirimentis,
665 1787 719 1848 que
733 1765 915 1847 aquirimenta
925 1780 1078 1830 tenentura
1088 1767 1167 1829 dom⁰
1176 1767 1321 1847 dalphino,

244 1862 310 1927 item
324 1864 375 1927 luit
391 1863 494 1926 dictum
507 1864 579 1926 inter
592 1863 668 1945 ipsos
692 1864 821 1926 dominos
842 1864 918 1946 quod
944 1865 1061 1927 heredes
1091 1877 1119 1926 et
1145 1882 1325 1926 successores

247 1960 312 2022 dicti
325 1959 402 2022 dom.
420 1960 532 2022 Henrici
556 1973 703 2022 teneantur
728 1961 764 2023 ad
779 1960 883 2023 dictum
898 1961 1057 2042 homagium
1072 1961 1229 2024 laciendum
1246 1961 1323 2024 dicto

246 2056 323 2119 dom.
343 2057 489 2138 dalphino:
501 2056 577 2139 quod
594 2056 616 2118 si
630 2056 723 2119 lacere
736 2070 908 2133 recusarent,
921 2055 1052 2120 tenehtur
1063 2057 1208 2120 restituere
1220 2057 1323 2122 dictam

246 2154 392 2235 pecuniam
405 2153 481 2218 dicto
496 2153 609 2216 domino
623 2166 651 2215 et
669 2153 862 2216 nichilominus
888 2154 981 2217 lacere
997 2154 1168 2236 homagium,
1184 2167 1269 2236 prout
1296 2155 1325 2217 in

246 2250 321 2314 dicto
338 2251 521 2314 instrumento
535 2249 704 2313 continetur.
1126 2307 1128 2310 .

285 2365 318 2426 4¹
331 2365 355 2426 5.
375 2354 455 2424 Item,
474 2346 561 2428 quod.
577 2347 614 2409 al.
629 2346 842 2408 instrumentum
860 2346 992 2428 scriptum
1008 2367 1091 2410 manu
1112 2349 1253 2429 Hugoneti
1277 2349 1325 2412 filii

247 2442 379 2506 sinibaldi
396 2445 431 2506 de
445 2443 585 2506 Florentia
602 2444 703 2506 notarii
717 2444 808 2523 publ,
824 2443 876 2509 sub
904 2463 978 2506 anno
1005 2445 1059 2507 Diri
1079 2452 1181 2508 M⁰CC⁰
1195 2457 1323 2530 octuag',

245 2541 342 2603 indict.
358 2553 432 2614 v111³,
444 2539 490 2600 die
499 2539 639 2603 dominico
653 2539 765 2602 kalend.
782 2538 958 2620 septembris,
973 2541 1119 2604 continens
1132 2543 1208 2624 quod
1223 2545 1326 2608 nobilis

124 2629 129 2636 ’
245 2636 437 2716 virRogerius
453 2635 488 2698 de
506 2635 643 2708 clariaco,
661 2634 733 2698 hhus
747 2635 865 2698 condam
890 2637 964 2698 dom¹
995 2637 1136 2720 Sylvonis,
1158 2643 1328 2723 recognovit
1420 2695 1421 2733 ,

245 2745 341 2794 tenere
354 2732 383 2794 in
397 2731 509 2794 feudum
523 2730 638 2810 jurabile
652 2744 681 2793 et
692 2731 827 2795 reddibile
843 2745 962 2796 castrum
978 2734 1013 2795 de
1030 2741 1109 2816 Rupe
1122 2735 1158 2797 de
1176 2736 1262 2800 Clues
1274 2757 1326 2819 pro

245 2827 324 2890 dom⁰
339 2827 489 2890 Viennensi
502 2826 645 2907 dalphino,
660 2828 736 2908 quod
749 2827 877 2892 instrum.
896 2843 939 2893 est
955 2829 1102 2912 sigillatum
1113 2831 1203 2894 tribus
1214 2833 1324 2915 sigillis.

284 2925 354 3005 416.
372 2933 452 3002 Item,
468 2925 556 3007 quod.
580 2923 793 2991 instrumentum
823 2927 969 2990 continens
1001 2927 1088 3009 quod.
1107 2928 1230 2992 uidimus
1243 2929 1325 3010 publ.

244 3043 339 3086 coram
356 3023 434 3086 dom⁰
449 3030 534 3086 Petro
544 3023 579 3084 de
593 3029 684 3086 Bosco
698 3030 789 3101 Vano,
805 3024 897 3106 legum
904 3024 1074 3106 professore,
1091 3023 1202 3088 officiali
1218 3027 1328 3090 vienne
1419 3019 1420 3036 ¹

221 3143 227 3152 ·
244 3121 377 3203 scriptum
391 3141 474 3183 manu
492 3119 567 3184 Petri
583 3121 737 3202 Borgorelli
748 3121 849 3184 notarii
862 3121 953 3202 publ,
970 3122 1015 3185 die
1028 3134 1081 3184 xu²
1092 3123 1195 3185 mensis
1212 3111 1329 3187 decem·

244 3217 313 3294 bris,
332 3237 405 3280 anno
424 3217 478 3280 nni
496 3224 757 3295 M0CCC0XX11110,
786 3218 932 3282 continens
948 3218 1193 3302 confirmacionem
1221 3221 1327 3287 laetam

243 3336 294 3397 per
316 3316 393 3380 dom.
419 3316 580 3398 dalphinum
608 3316 720 3378 domino
737 3316 774 3378 de
789 3317 929 3380 Bellovisu
944 3318 979 3380 de
994 3325 1101 3392 Marcu,
1116 3317 1151 3380 de
1161 3318 1278 3384 bastida
1290 3319 1326 3384 de
1418 3329 1419 3343 ¹

244 3413 386 3476 Geissanis
398 3434 461 3476 cum
472 3416 525 3476 suo'
537 3412 734 3475 mandamento
749 3426 905 3493 permutata
919 3433 982 3477 cunr
996 3414 1128 3477 mistralia
1140 3414 1264 3479 vienne.

282 3530 353 3591 417.
370 3519 449 3587 Item,
468 3511 553 3593 qued.
569 3510 649 3572 litera
662 3509 764 3592 scripta
780 3521 822 3572 111⁰
838 3511 901 3574 idus
924 3512 1018 3594 mayii‚
1044 3529 1118 3575 anno
1146 3511 1200 3573 Diri
1221 3519 1329 3576 Μῦίὲῦο

146 3595 151 3604 ’
244 3615 384 3684 XLV1110,
396 3608 512 3692 sigillata
527 3608 555 3671 in
577 3607 708 3688 pendenti
723 3607 813 3688 sigillo
826 3609 937 3690 hymari
951 3609 988 3671 de
1002 3607 1191 3683 Cessenatico,
1217 3610 1328 3674 domini

244 3703 387 3780 Yseronis,
406 3699 552 3767 cohtinens
575 3703 692 3785 qualiter
705 3703 852 3768 tenebatur
865 3704 962 3784 juvare
986 3704 1091 3768 dictum
1107 3704 1276 3786 dalphinum
1292 3707 1329 3770 de

244 3818 362 3880 persona
377 3813 405 3862 et
418 3800 454 3862 de
482 3800 557 3863 dicto
584 3813 675 3862 castro
692 3812 790 3861 contra
804 3819 902 3863 omnes
918 3820 1052 3882 personas
1079 3801 1174 3864 mundi
1188 3815 1219 3866 et
1239 3824 1326 3868 eum-

243 3894 307 3958 dem
317 3894 476 3976 dalphinum
491 3910 634 3976 receptare
646 3896 674 3958 in
689 3895 764 3958 dicto
780 3909 882 3959 castro.

282 3991 352 4069 418.
372 3998 451 4068 Item,
465 3992 551 4073 quod.
573 3991 785 4058 instrumentum
800 3993 878 4072 publ.
895 4008 1037 4076 receptum
1048 4014 1131 4058 manu
1145 3995 1232 4078 Guig.
1251 4004 1329 4062 Fru..

243 4087 339 4164 menti,
371 4087 517 4150 continens
544 4088 703 4169 homagium
726 4090 846 4151 Guoneti
873 4090 1001 4173 Eymanti
1028 4103 1034 4134 ¹
1066 4091 1172 4173 ligium,
1200 4110 1328 4177 excepto
1415 4089 1416 4134 l

283 4226 306 4265 ι.
320 4210 354 4264 Aa
368 4209 501 4282 Eymarici.
515 4259 525 4274 ,

666 4397 675 4428 ³
775 4377 780 4386 .
