2844 4900
522 450 701 534 -,69..

9 591 10 608 ³
89 584 171 647 denar.
188 596 216 646 et
229 582 342 646 obulum
365 601 477 661 census,
501 581 597 665 precio
612 601 662 645 ιιιιι
686 581 781 646 librar.
805 595 834 648 et
860 603 879 646 ιι
903 583 984 647 solid.
1011 581 1147 647 viennen.

9 675 10 678 ’
120 699 184 762 97¹·
203 685 283 754 Item,
312 677 398 761 quod.
423 679 502 762 publ.
524 679 736 744 instrumentum
759 681 892 764 sc'riptum
913 699 995 744 manu
1020 675 1157 743 lobannis

88 776 173 838 notarii
187 776 373 858 imperatoris,
387 777 439 839 sub
452 795 527 838 anno
550 777 604 838 Diri
622 781 689 839 mul
704 781 814 854 LXV10,
836 776 882 840 die
897 776 1037 839 dominico
1052 789 1152 858 quarto

88 887 219 936 exceumte
239 893 335 936 mense
353 873 431 952 junii,
457 875 602 938 continens
623 873 847 956 recognitionem
861 874 962 937 factam
979 871 1102 937 Siboudo
1117 873 1153 936 de

88 977 171 1034 castro
187 977 269 1032 Novo
278 990 330 1052 per
342 971 532 1053 infrascriptos
553 971 678 1034 homines
692 971 728 1034 de
743 971 878 1054 homagiis
892 971 927 1033 ad
942 990 996 1054 que
1009 983 1151 1049 tenentur,

88 1068 162 1149 primo
173 1067 333 1148 homagium
349 1067 424 1131 Petri
441 1068 590 1145 Pastoreti,
604 1068 740 1130 uernardi
754 1069 858 1152 Chays,
872 1069 1004 1132 lobannis
1028 1069 1152 1153 Peyreti,
1198 1091 1201 1098 ·

88 1163 206 1226 lobannis
220 1170 343 1237 Braneu,
360 1165 446 1227 Bruni
461 1165 591 1246 Chapusii
611 1179 639 1228 et
662 1166 822 1248 Galvegnys
846 1179 874 1228 et
888 1171 1009 1249 Cayrey,
1036 1171 1070 1230 P.
1096 1166 1155 1246 ejus

87 1259 175 1337 fratris,
186 1261 338 1345 llynardeti
349 1262 473 1324 Durandi
486 1265 514 1326 e't
527 1262 811 1346 lobannisllurandi,
827 1269 871 1326 lo.
888 1262 1035 1339 Berlionis,
1052 1263 1156 1346 Chays·

9 1383 10 1408 2
88 1356 134 1419 sins
148 1359 274 1421 Bruneti.

120 1473 185 1536 972.
198 1463 278 1532 ltem,
300 1453 386 1536 quod.
398 1456 477 1536 publ.
491 1455 703 1519 instrumentum
719 1455 852 1537 scriptum
862 1455 1067 1520 mammone
1083 1463 1157 1519 Gre-

88 1552 142 1614 velli
157 1552 268 1628 notarii,
285 1553 338 1615 sub
354 1571 428 1615 anno
451 1553 505 1615 Diri
523 1559 747 1632 multuxxtxo,
763 1553 860 1615 indict.
876 1567 940 1630 unt,
956 1567 1011 1615 ιιιιο
1022 1552 1085 1616 idus
1104 1551 1158 1616 de-

88 1651 206 1728 cembris,
218 1651 365 1714 continens
379 1651 453 1733 quod
467 1653 607 1714 lohannes
623 1651 749 1714 Gauliani
764 1651 908 1714 confessus
922 1650 973 1714 fuit
982 1671 1012 1714 se
1025 1664 1122 1714 tenere
1141 1671 1157 1712 a
1221 1719 1228 1730 ‚

9 1755 11 1792 ὲ
90 1745 200 1811 Siboudo
211 1749 354 1811 decastro
364 1753 447 1811 Novo
462 1749 547 1830 quad.
567 1749 668 1832 petiam
681 1762 757 1812 terre
773 1748 853 1811 sitam
868 1747 896 1810 in
910 1748 1077 1810 condamina
1092 1747 1157 1810 dicti

9 1873 10 1920 ῃ
91 1845 206 1924 Srboudi,
221 1866 273 1931 pro
287 1866 342 1927 qua
362 1845 428 1909 iacit
449 1865 468 1909 ιι
487 1846 603 1910 sestaria
621 1845 764 1924 frumenti,
790 1865 808 1908 ιι
831 1845 958 1928 gallinas,
984 1864 1003 1907 ιι
1021 1842 1103 1908 solid.
1123 1844 1159 1908 de

9 1951 10 1976 l
90 1943 192 2023 placito.
554 2013 561 2030 ·

123 2059 188 2121 973.
214 2047 294 2116 Item,
315 2040 372 2103 duo
392 2039 470 2121 publ.
490 2039 673 2132 instrumenta
697 2039 726 2102 in
749 2039 846 2102 eadem
863 2039 936 2122 pelle
957 2038 1059 2122 scripta
1076 2055 1160 2100 manu

92 2137 203 2200 cauterii
221 2137 350 2213 Guilloci,
367 2156 484 2219 quorum
501 2137 619 2218 primum
637 2148 679 2200 est
693 2129 746 2199 sub
766 2155 839 2198 anno
865 2137 919 2199 Dn'ri
947 2141 1158 2214 MftlcuxxHo,

91 2232 229 2310 indicit,
248 2251 287 2294 vu
304 2233 350 2296 die
366 2233 500 2309 octobris,
515 2233 660 2296 continens
677 2233 752 2314 quod
763 2240 853 2295 Genta
872 2232 1017 2296 Heurarda
1034 2231 1161 2294 confessa

91 2329 135 2392 luit
142 2350 171 2393 se
183 2345 279 2394 tenere
293 2351 309 2392 a
324 2331 403 2393 dom⁰
425 2337 510 2394 Petro
524 2331 635 2394 Aurucii
650 2329 781 2412 quicquid
794 2331 908 2393 tenebat
923 2329 952 2392 in
965 2329 1161 2392 mandamento
1237 2357 1239 2366 ·

94 2429 185 2491 Montis
204 2428 326 2512 (Fortis)
348 2428 384 2491 ad
403 2447 503 2492 census
526 2428 635 2491 debitos
654 2439 682 2490 et
702 2439 862 2502 consuetos,
885 2426 1009 2508 exceptis
1034 2424 1086 2489 hiis
1108 2446 1162 2509 que

93 2525 225 2589 tenebata
252 2533 336 2588 Petro
357 2527 393 2588 de
413 2526 589 2604 Bucurione;
605 2561 645 2574 -
660 2543 729 2608 974.
750 2525 908 2588 Secundum
933 2543 1001 2587 vero
1022 2524 1074 2586 sub
1089 2543 1162 2588 anno

96 2622 142 2685 oti
156 2629 384 2698 M⁰ll⁶LXXlll⁰,
402 2623 487 2686 indic.
503 2637 537 2697 ιι,
550 2623 595 2686 die
611 2623 637 2685 b¹
649 2622 752 2686 Mathei
764 2623 914 2706 appostoli,
929 2622 1075 2686 continens
1086 2622 1162 2704 quod
1187 2705 1194 2714 .

96 2720 244 2784 Guilelmus
260 2720 351 2798 Bollii,
364 2719 433 2784 civis
444 2710 661 2802 Grationopolis‚
678 2721 821 2784 consessus
832 2719 883 2783 luit
895 2740 926 2784 se
939 2734 1062 2784 tenerea
1079 2720 1159 2782 dom⁰

98 2823 170 2880 Petro
187 2817 298 2880 Aurucii
320 2837 370 2880 sex
387 2818 539 2880 fossoratas
558 2818 640 2881 vinee
658 2817 692 2880 de
705 2817 892 2883 chavanneria'
907 2817 952 2882 del
966 2815 1089 2894 chastel,
1110 2836 1163 2899 pro
1205 2881 1216 2902 ,

97 2916 189 2996 quibus·
200 2915 327 2999 promisit
343 2916 452 2978 solvere
468 2915 563 2998 usagio
578 2929 722 2978 consueta.
1052 2939 1056 2946 ·

130 3032 194 3096 975.
217 3021 297 3090 ltem,
325 3013 411 3096 quod.
433 3013 510 3095 publ.
538 3013 750 3096 instrumentum
774 3011 906 3094 scriptum
930 3031 1013 3074 manu
1033 3009 1164 3074 iohannis

98 3110 184 3174 luliani
200 3111 312 3186 notarii,
337 3110 389 3172 sub
412 3129 486 3173 anno
503 3110 557 3172 Dili
572 3116 734 3186 M⁰lltLX⁰,
761 3109 846 3172 indic.
876 3122 930 3186 111⁸,
948 3120 1031 3170 ιιιιιιι0
1048 3105 1162 3168 kalend.

99 3204 218 3283 octobris,
234 3207 380 3270 continens
395 3206 472 3288 quod
494 3212 576 3288 Hugo
593 3205 665 3269 filius
678 3207 798 3270 condam
813 3203 948 3268 Guillelmi
971 3205 1007 3267 de
1028 3201 1164 3266 Herbesio

100 3303 228 3368 confessus
242 3305 294 3368 fuit
303 3325 333 3368 se
347 3318 444 3368 tenere
457 3324 474 3366 a
489 3304 568 3366 dom⁰
578 3303 710 3368 Gauterio
727 3303 763 3366 de
776 3303 959 3377 Brianczone,
970 3315 1036 3364 tunc
1051 3298 1164 3362 domino

101 3401 166 3464 Belle
180 3403 297 3480 Combe,
315 3421 361 3466 nes
373 3401 572 3483 infrascriptos,
584 3400 669 3464 videl.
682 3413 788 3464 costam
802 3420 857 3482 que
870 3399 943 3480 jacet
953 3399 1028 3479 juxta
1043 3410 1164 3460 castrum
1256 3409 1259 3416 ⁴

101 3493 128 3557 de
142 3499 325 3562 BellaComba
337 3513 421 3580 prout
430 3499 605 3580 protenditur
620 3518 709 3579 usque
723 3498 758 3560 ad
769 3497 956 3560 molendinum
970 3508 998 3558 et
1021 3513 1109 3577 usque
1129 3493 1165 3556 ad

101 3611 186 3674 aquam
209 3615 264 3679 que
285 3609 403 3659 vocatur
426 3601 565 3672 Cemouc,
587 3596 653 3658 item
673 3594 759 3677 quod.
783 3593 972 3656 molendinum
992 3591 1067 3674 quod
1088 3603 1165 3654 tenet
1274 3583 1279 3593 ’

102 3691 180 3755 Berlio
191 3693 226 3756 de
237 3692 314 3756 Bella
329 3691 446 3770 Comba,
464 3692 530 3754 item
540 3710 568 3753 ιιι
582 3690 698 3771 jornalia
710 3704 784 3753 terre
796 3709 850 3772 que
864 3689 955 3769 jacent
967 3687 1041 3769 apud
1056 3686 1163 3750 Bellum

102 3789 234 3867 combam,
257 3809 313 3874 que
334 3802 411 3853 tenet
432 3789 468 3852 ab
492 3788 591 3852 eodem
616 3794 736 3870 Hugone
759 3784 898 3849 Giroudus
920 3785 955 3847 de
979 3784 1057 3847 Bella
1078 3789 1166 3847 Com-

102 3882 168 3962 beta,
182 3887 245 3951 item
271 3906 301 3950 ιιι
321 3887 436 3968 jornalia
452 3899 526 3950 terre
539 3906 594 3968 que
604 3885 697 3966 jacent
710 3884 783 3966 apud
802 3891 879 3947 Murs
897 3885 995 3946 subtus
1018 3901 1163 3966 quercum,

101 3979 159 4044 item
172 4002 189 4043 ιι
202 3983 282 4048 solid.
296 3985 331 4048 de
341 3984 459 4048 servicio
471 4003 525 4066 que
540 3983 632 4063 jacent
647 3983 676 4045 in
690 3981 805 4044 molario
821 3980 1010 4044 Rolandorum
1026 3980 1100 4062 apud
1117 3986 1162 4042 ln-

102 4089 251 4160 termontes,
263 4102 314 4164 pro
328 4081 428 4164 quibus
450 4083 593 4146 consessus
605 4082 656 4144 fuit
670 4081 772 4144 debere
787 4080 945 4163 homagium
958 4079 1064 4162 ligium.

138 4177 204 4256 976.
223 4185 300 4258 ltem,
323 4179 409 4262 quod.
432 4179 509 4261 publ.
532 4179 742 4244 instrumentum
767 4179 899 4262 scriptum
920 4196 1002 4241 manu
1028 4172 1163 4238 Guillelmi
